2950 3712
1117 966 1862 1115 &asfaaffrz
2027 974 2041 977 ⁸

432 1328 442 1339 ,J
645 1232 720 1322 In
750 1278 1056 1323 commentario
1093 1288 1217 1332 quem
1246 1275 1417 1320 Servius
1452 1277 1496 1319 in
1532 1280 1696 1319 sextum
1728 1276 1932 1319 Aeneidis
1960 1260 2242 1332 Vergilianae
2275 1275 2429 1320 librum
2463 1290 2574 1320 com-

441 1356 590 1415 posuit
624 1355 894 1398 emendando
938 1353 1003 1397 his
1038 1353 1172 1396 libris
1193 1363 1321 1395 manu
1365 1352 1539 1409 scriptis
1573 1358 1704 1395 utorz-
1743 1351 2029 1408 Reginensi
2064 1352 2189 1406 1674,
2230 1352 2571 1408 Sangallensi

442 1435 538 1488 862,
580 1432 823 1475 Parisino
865 1431 992 1483 7929,
1035 1430 1285 1473 Beruensi
1332 1429 1426 1483 167,
1464 1429 1774 1473 Cassellano
1800 1430 1916 1483 1109,
1960 1430 2032 1485 qui
2065 1443 2212 1473 omnes
2256 1436 2357 1473 sunt
2397 1431 2564 1473 decimo

442 1510 618 1554 saeculo
659 1510 707 1550 in·
737 1507 993 1557 membranis
1028 1507 1192 1562 scriptis
1252 1506 1543 1562 Reginensem
1572 1507 1665 1561 (R),
1701 1507 1772 1561 qui
1808 1506 1942 1548 Servii
1977 1507 2022 1547 in
2055 1509 2163 1548 Aen.
2196 1509 2259 1550 VI
2274 1507 2428 1550 -xu
2455 1512 2573 1549 'ccm-

442 1586 676 1630 mentarios
719 1583 940 1638 continet,¹
975 1582 1140 1626 Romae
1167 1592 1230 1625 ‘a.‘
1265 1582 1370 1626 1857
1412 1583 1587 1626 contuli.
1649 1582 1951 1639 Sangallensis
1985 1585 2056 1638 (S)
2091 1585 2267 1627 eosdem
2301 1583 2436 1627 libros
2475 1596 2573 1626 con·

443 1663 621 1708 tinentis
648 1661 860 1706 lectiones
894 1659 1221 1717 diligentissime
1255 1672 1283 1702 a
1316 1672 1363 1702 se
1391 1660 1632 1718 exscriptas
1657 1646 1986 1704 ‘Hermannus
2015 1660 2259 1717 Hagenus
2287 1661 2572 1704 Beruensis

446 1739 701 1784 amicissime
729 1749 894 1782 mecum
922 1735 1260 1780 communicavit.
1314 1735 1372 1778 Hi
1398 1735 1509 1790 libri,
1545 1748 1724 1792 quorum
1752 1736 1994 1792 scripturae
2022 1737 2169 1780 mirum
2195 1738 2238 1779 in
2265 1737 2434 1780 modum
2460 1737 2575 1780 inter

442 1829 490 1860 se
519 1814 815 1868 consentiunt,
852 1814 908 1857 ad
942 1826 1090 1857 eorum
1130 1812 1326 1856 codicum
1359 1825 1494 1868 genus
1527 1813 1766 1868 pertinent,
1808 1813 1879 1868 qui
1912 1813 1974 1857 iis·
2000 1826 2111 1870 quae
2146 1814 2413 1857 Burmannus
2449 1814 2572 1858 uncis

439 1891 614 1936 inclusit
655 1895 819 1935 carent.
889 1889 1010 1943 Quae
1053 1889 1210 1932 Petrus
1254 1889 1411 1933 Daniel
1453 1903 1477 1933 e
1518 1889 1730 1933 Bernensi
1770 1893 1816 1932 et
1854 1889 2055 1935 Parisino
2096 1882 2256 1947 primus
2297 1890 2447 1934 edidit.
2507 1891 2574 1934 De

442 1970 650 2013 Beruensi
678 1968 774 2024 (B),
810 1967 929 2010 cuius
963 1966 1175 2008 lectiones
1211 1966 1401 2009 eiusdem
1426 1968 1602 2024 Hageni
1635 1969 1967 2011 benevolentiae
1995 1969 2150 2020 debeo,
2179 1967 2227 2009 G.
2257 1968 2308 2010 G.
2338 1967 2574 2010 Muellerus

441 2046 554 2094 anal.
581 2046 710 2089 Bern.
743 2048 857 2102 part.
890 2043 961 2086 ΠΙ,
988 2056 1031 2100 p.
1069 2043 1121 2085 10
1153 2042 1399 2099 disputavit.
1468 2043 1690 2088 Parisinus
1734 2046 1824 2101 (P),
1854 2058 1979 2102 quem
2019 2044 2113 2100 ipse
2157 2044 2332 2096 contuli,
2377 2045 2575 2087 continet

359 2150 364 2156 ·
441 2123 773 2169 commentarios
812 2123 867 2166 ab
896 2122 1010 2165 Aen.
1049 2121 1107 2164 vl
1152 2122 1200 2164 14
1236 2123 1463 2178 ponticos
1503 2124 1710 2166 deleneon
1752 2125 1808 2167 ad
1838 2123 1934 2167 XII
1967 2123 2050 2166 819
2090 2135 2323 2179 nomenque
2345 2125 2575 2169 victor-nuo.

442 2201 739 2244 Oassellanum
767 2202 858 2256 (C),
887 2201 930 2241 in
960 2213 1044 2254 quo
1074 2198 1282 2240 Serviana
1309 2200 1377 2240 ad.
1406 2202 1523 2242 Aen.·
1542 2202 1630 2242 1—
1646 2202 1708 2243 VI
1735 2202 1893 2255 insunt,
1922 2213 2036 2242 anno
2061 2201 2166 2241 1850
2194 2202 2376 2242 excussi.
2423 2201 2573 2244 Habet

441 2279 511 2321 hic
552 2278 663 2320 liber
705 2278 860 2319 multas
889 2277 1131 2328 lectiones,
1175 2288 1285 2329 quae
1334 2289 1361 2316 a
1414 2277 1650 2332 Reginensi
1692 2283 1738 2320 et
1778 2277 2051 2333 Sangallensi
2094 2277 2262 2318 alienae
2307 2282 2425 2330 sunt,
2479 2291 2575 2320 cum

441 2355 653 2397 Bernensi
682 2359 728 2396 et
754 2353 952 2396 Parisino
982 2346 1239 2404 communes,
1268 2353 1346 2393 sed
1376 2366 1523 2394 eorum
1554 2367 1663 2409 quae
1692 2355 1848 2397 Daniel
1874 2355 2033 2410 primus
2064 2353 2213 2405 edidit,
2242 2366 2356 2408 quae
2385 2355 2429 2395 in
2448 2360 2573 2398 sexto

441 2427 553 2471 libro
581 2428 790 2486 pauciora
824 2438 924 2471 sunt
958 2417 1087 2483 quam
1117 2429 1162 2468 in
1194 2427 1384 2483 reliquis,
1419 2431 1622 2471 maiorem
1642 2435 1824 2486 'partem
1858 2443 1946 2471 non
1978 2431 2124 2470 habet.
2179 2429 2302 2469 Inter
2334 2442 2412 2472 eos
2438 2431 2575 2474 libros

445 2518 565 2562 quos·
583 2519 672 2549 non
700 2512 822 2550 totos
850 2505 1032 2559 contuli,
1060 2506 1141 2546 sed
1165 2504 1333 2560 aliquot
1358 2505 1468 2547 locis
1496 2507 1660 2563 inspexi
1687 2508 2075 2550 Ambrosianum
2104 2506 2152 2548 C.
2177 2506 2252 2548 157
2281 2510 2434 2550 memb.
2460 2518 2576 2553 saec.

441 2583 506 2625 XI
534 2588 580 2624 et
601 2578 896 2625 -Parisinum
925 2583 1033 2625 7965
1075 2582 1212 2624 chart.
1241 2594 1357 2624 saec.
1396 2582 1483 2624 XV
1516 2584 1702 2626 nomino.
1758 2584 2007 2627 Scribendis
2043 2585 2187 2624 autem
2223 2583 2290 2624 his
2331 2585 2577 2630 adnotatio·

444 2658 569 2701 nibus
602 2659 648 2700 id
681 2659 859 2702 maxime
895 2659 984 2716 egi,
1026 2664 1073 2701 ut
1105 2663 1204 2700 utro
1240 2657 1433 2700 codicum
1467 2671 1628 2714 genere
1662 2660 1797 2704 Servii
1831 2662 1966 2703 verba
1998 2659 2239 2715 integriora
2271 2665 2446 2705 servata
2478 2675 2575 2708 esse
2636 2688 2638 2691 -

443 2735 690 2778 viderentur
718 2747 982 2791 quaererem.
2402 2740 2405 2743 “

549 2844 551 2846 .
640 2813 711 2854 Ad
727 2819 907 2854 'versum
938 2814 956 2854 l
986 2813 1031 2854 in
1059 2813 1186 2856 editis
1212 2812 1527 2868 exemplaribus
1556 2813 1640 2856 duo
1670 2812 1849 2866 scholia,
1879 2813 2031 2868 quibus
2060 2814 2200 2855 clanis
2234 2826 2319 2857 vox
2350 2814 2434 2858 hoc
2472 2816 2574 2862 loco

444 2901 572 2946 quam
599 2888 681 2932 vim
708 2887 872 2933 habeat
898 2888 1144 2945 exponitur,
1168 2887 1465 2945 conglutinata
1492 2894 1602 2945 sunt,
1632 2902 1741 2946 quac
1769 2902 1857 2934 non
1884 2893 1954 2934 est
1981 2890 2189 2935 credibile
2216 2891 2272 2936 ab
2291 2904 2377 2936 uno
2406 2891 2576 2940 homine

442 2966 608 3023 scripta
643 2978 754 3010 esse.
808 2964 919 3009 Nam
936 2970 1087 3021 ‘neque
1121 2964 1228 3010 illud
1260 2964 1537 3022 intellegitur,
1574 2978 1707 3022 quare
1741 2967 1807 3011 bis
1843 2966 2003 3010 dictum
2037 2967 2114 3021 sit,
2150 2966 2335 3012 classem
2369 2981 2467 3014 esse
2502 2976 2577 3016 ant

445 3055 542 3087 eam
567 3056 720 3087 navem
749 3056 834 3098 qua
859 3044 1033 3086 Aeneas
1060 3041 1303 3097 veheretur,
1331 3047 1406 3087 aut
1432 3056 1580 3088 omnes
1607 3043 1698 3088 eius
1726 3057 1874 3097 naves,
1902 3057 2043 3101 neque
2067 3044 2273 3102 explicari
2301 3050 2462 3101 potest,
2491 3062 2577 3104 quo

442 3119 604 3164 factum
637 3120 713 3175 sit,
748 3122 796 3163 ut
827 3123 917 3164 tres
953 3118 1105 3162 elena
1130 3119 1249 3164 vocis
1284 3120 1612 3178 originationes‚
1655 3134 1765 3178 quae
1800 3127 2207 3177 commemorantur,
2241 3136 2328 3167 non
2369 3123 2576 3182 deinceps

443 3201 724 3254 ponerentur,
792 3196 913 3253 Inter
955 3196 1092 3240 libros
1133 3209 1261 3241 manu
1301 3198 1490 3256 scriptos
1528 3198 1764 3243 Bernensis
1804 3198 1914 3244 haec
1962 3202 2128 3244 tantum
2171 3199 2323 3253 habet,
2372 3214 2482 3256 quae
2531 3203 2597 3247 iu>

444 3274 702 3320 Caesellano
732 3279 777 3318 et
804 3274 1100 3320 Ambrosiano
1128 3289 1300 3333 qnoque
1327 3276 1549 3333 leguntur:
1591 3275 1906 3331 ,Classique5
1940 3277 2120 3320 navibus
2154 3277 2241 3320 suis
2260 3280 2349 3320 aeaut
2376 3278 2486 3333 (sive
2516 3279 2583 3336 B)

2310 3351 2331 3392 1
