2950 3712
1371 441 1404 487 4

322 602 428 635 suae
458 590 556 646 (om.
587 591 652 648 B)
680 592 778 635 navi
808 592 948 647 (navis
980 593 1055 651 B),
1084 607 1194 650 quae
1223 593 1377 638 classis
1412 594 1569 637 dicitur
1604 596 1672 639 vel
1707 599 1805 650 (om.
1838 595 1897 651 C)
1932 597 2047 652 quod
2082 596 2160 639 fiat
2187 597 2241 639 de
2271 597 2466 640 fustibus.

325 670 456 715 Gales
483 670 563 726 (Et
590 670 709 715 cales
739 670 794 725 A)
824 671 936 714 enim
964 673 1172 718 dicebant
1188 670 1374 714 maiores
1401 671 1540 714 nostri
1570 673 1667 728 (om.
1701 673 1756 729 C)
1784 675 1923 718 fustes
1952 687 2062 730 quos
2089 675 2330 731 portabant
2357 675 2468 717 servi

326 753 559 804 sequentes
594 749 792 791 dominos
827 750 883 792 ad
915 749 1144 805 proelium,
1179 748 1291 789 unde
1325 749 1456 791 etiam
1485 750 1664 794 calones
1701 753 1901 806 (colones
1940 753 1995 806 G)
2031 751 2299 794 dicebantur.
2356 752 2465 795 Nam

327 826 596 869 consuetudo
626 830 721 867 erat
749 825 892 869 militis
920 826 1118 881 Romani,
1149 832 1194 868 ut
1225 826 1319 881 ipse
1355 824 1437 867 sibi
1465 839 1584 869 arma
1613 833 1826 883 portaret,
1853 829 1948 885 ipse
1983 829 2048 881 (et
2073 828 2168 884 ipse
2198 829 2254 880 A)
2287 828 2465 883 vallum,

329 901 487 945 vallum
533 907 677 945 autem
724 904 828 959 (pro
877 903 1035 946 vallum
1077 907 1219 947 autem
1256 903 1382 944 habet
1425 902 1541 958 quod
1576 905 1634 955 A)
1679 905 1885 948 dicebant
1930 905 2087 959 calam,
2135 905 2246 949 sicut
2285 907 2366 959 (sic
2402 906 2464 963 B)

328 979 517 1023 Lucilius
570 982 717 1024 scinde
770 983 906 1024 ealon·
957 987 1004 1024 nt
1053 981 1140 1036 (vel
1194 981 1247 1033 C)
1296 983 1437 1025 calcas
1489 982 1628 1036 (ealas
1674 982 1736 1032 B,
1780 984 1913 1026 cadas
1959 983 2032 1036 G),
2073 983 2119 1026 id
2162 988 2250 1026 est:
2293 998 2320 1027 o
2363 997 2471 1040 puer

327 1057 484 1114 frange
524 1058 662 1102 fustes
705 1065 751 1102 et
790 1059 861 1103 fac
903 1059 1058 1103 focum.
1120 1059 1227 1103 Inde
1271 1073 1378 1117 ergo
1422 1062 1584 1115 (autem
1627 1061 1683 1115 A)
1727 1060 1910 1104 classem
1954 1061 2114 1104 dictam
2155 1060 2314 1104 dicunt.
2384 1060 2468 1104 Alii

329 1135 512 1178 classem
547 1135 646 1180 hinc
680 1135 818 1192 magis
852 1137 1012 1181 dictam
1046 1135 1214 1180 volunt:
1249 1138 1364 1194 apud
1399 1140 1583 1183 maiores
1618 1142 1794 1182 nostros
1830 1137 2088 1195 stipendium
2122 1136 2290 1194 proelio
2327 1139 2469 1195 (prae-

327 1211 428 1254 lium
463 1213 527 1267 B)
563 1214 761 1257 terrestri
793 1213 914 1257 miles
948 1215 1155 1270 pedester
1190 1215 1325 1258 dabat
1358 1214 1514 1272 (pedes
1549 1217 1758 1261 tardabat
1788 1214 2065 1270 B)‚“equites
2101 1226 2202 1259 vcro
2232 1215 2399 1263 dabant
2424 1216 2468 1259 in

328 1291 471 1338 navali
499 1291 755 1346 certamine3
783 1291 883 1335 nam
909 1291 1050 1335 adhuc
1077 1305 1243 1348 pauper
1270 1292 1413 1335 fuerat
1440 1292 1638 1349 populus.
1696 1293 1862 1339 Exinde
1890 1292 1986 1344 iam,
2015 1291 2132 1346 quod
2167 1293 2223 1337 ab
2249 1287 2467 1349 'equitibus
2481 1350 2495 1358 ⁸

326 1370 525 1422 dabatur,
552 1369 812 1424 stipendium
840 1373 1027 1413 tractum
1053 1372 1147 1422 est,
1182 1373 1228 1412 ut
1256 1369 1474 1414 diceretur
1507 1369 1680 1424 classis;
1714 1370 1889 1426 proprie
1924 1369 2035 1411 enim
2071 1368 2251 1417 classes·
2277 1370 2467 1426 equitum

326 1446 515 1504 (equites
547 1446 608 1500 B)
639 1446 842 1489 dicimus!
900 1446 1027 1489 Haec
1051 1446 1209 1489 desunt
1234 1447 1280 1489 in
1305 1446 1542 1502 Reginensi
1578 1451 1623 1489 et
1657 1445 1949 1502 Sangallensi,
1981 1446 2054 1502 qui
2087 1445 2198 1489 haec
2230 1448 2465 1502 praebent-2

326 1523 621 1580 ‚Classique
651 1528 726 1566 aut
753 1537 857 1566 suae
886 1523 996 1576 navi,
1025 1537 1135 1578 quae
1155 1522 1309 1568 classis
1335 1529 1384 1565 ut
1409 1524 1451 1566 in
1480 1523 1617 1579 primo
1646 1523 1823 1567 diximus
1852 1523 1971 1566 dicta
1998 1528 2069 1566 est
2095 1517 2184 1566 α’πὸ
2211 1522 2296 1566 τῶν
2322 1521 2466 1567 ada-u

325 1602 353 1645 i.
382 1615 420 1645 e.
450 1615 477 1644 a
503 1601 645 1656 lignis,
680 1601 794 1643 unde
830 1600 1040 1645 Horatius
1074 1616 1139 1645 me
1165 1603 1235 1644 vel
1259 1608 1464 1644 extremm
1493 1601 1767 1645 Numidas-ma
1795 1603 1839 1643 in
1867 1612 1994 1656 ayrm-
2019 1600 2152 1644 clam
2185 1601 2362 1657 releqet,
2390 1608 2467 1644 aut

327 1679 510 1721 omnium
540 1691 650 1734 quae
686 1678 778 1720 eius
806 1691 973 1721 cursum
1008 1680 1238 1727 secuntur-f
1293 1680 1329 1722 Ε
1361 1679 1512 1736 quibus
1546 1679 1589 1721 in
1612 1678 1920 1722 .Oassellanum
1954 1678 2063 1722 haec
2092 1678 2312 1724 translata
2345 1684 2462 1724 sunt:

327 1755 625 1812 ‚classique
654 1756 766 1798 inm.
795 1755 835 1797 h.
864 1760 940 1798 aut
966 1769 1070 1799 suae
1098 1756 1210 1811 navi,
1241 1757 1352 1800 sicut
1378 1757 1587 1801 Horatius
1617 1773 1680 1799 me
1707 1758 1776 1804 vel
1799 1769 1837 1799 e.
1867 1770 1894 1812 q
1938 1769 1971 1799 s.
2001 1769 2095 1799 cum
2122 1756 2178 1799 de
2205 1769 2291 1800 una
2317 1755 2464 1812 loque·

324 1837 443 1876 retur
473 1833 583 1886 navi,
614 1838 690 1876 aut
716 1833 902 1876 omnium
929 1847 1040 1889 quae
1069 1834 1160 1877 eius
1190 1848 1357 1877 cursum
1386 1838 1615 1877 secuntur!

476 1962 478 1965 Ι
525 1910 645 1965 Quae
673 1911 717 1953 in
744 1910 982 1966 Reginensi
1010 1915 1058 1953 et
1082 1911 1359 1969 Sangallensi
1393 1913 1594 1969 leguntur
1627 1912 1827 1968 qnoniam
1861 1924 1956 1952 cum
1988 1910 2040 1952 iis
2069 1923 2180 1964 quae
2207 1910 2267 1952 ad
2290 1911 2399 1954 Aen.
2428 1909 2460 1952 Ι.

319 1989 375 2033 39
403 1988 579 2046 prolata
606 1992 707 2031 sunt
733 1988 976 2043 ,classem
1013 1990 1070 2032 ad
1097 1990 1298 2033 invidiam
1340 1991 1498 2046 posuit,
1531 1996 1581 2031 ut
1607 2004 1688 2046 pro
1724 2003 1810 2031 una
1843 1988 1941 2030 navi
1969 1987 2153 2030 classem
2181 1988 2300 2031 &cat
2327 2017 2339 2029 .
2367 2021 2376 2029 .
2408 2020 2419 2032 .
2448 2020 2460 2031 .

322 2069 412 2109 Aut
437 2079 485 2108 re
514 2078 619 2107 vera
647 2077 772 2107 unam
800 2077 952 2107 navem
982 2066 1210 2121 significat,
1239 2072 1287 2108 ut
1305 2067 1514 2109 Horatius
1534 2069 1607 2109 He
1634 2068 1703 2108 ool
1727 2073 1932 2108 extremos
1959 2066 2232 2113 Nmidmm
2260 2068 2315 2108 in,
2331 2076 2459 2119 aym

323 2145 455 2188 clauc
481 2144 653 2198 nteyaet
710 2140 876 2186 Classis
917 2141 1029 2184 enim
1063 2142 1182 2186 dicta
1216 2148 1286 2185 est
1318 2139 1417 2186 dud
1444 2144 1530 2188 τῶν,
1560 2141 1713 2197 κάλων,
1748 2144 1774 2187 i.
1811 2155 1848 2185 e.
1883 2156 1910 2185 a
1943 2142 2084 2198 lignis.
2141 2141 2267 2185 Unde
2301 2146 2349 2184 et
2389 2155 2458 2185 ea-

318 2222 464 2276 lones,
504 2220 576 2276 qui
621 2219 742 2275 ligna
793 2217 995 2262 militibus
1035 2223 1235 2275 portant,
1279 2225 1337 2262 et.
1371 2219 1623 2264 :alendam
1669 2220 1962 2273 consentiunt,
2004 2219 2139 2262 Servii
2188 2232 2285 2262 esse
2336 2223 2456 2274 puto,

319 2297 576 2355 praesertim
611 2309 705 2339 cum
738 2294 945 2348 Isidorus,
981 2307 1105 2350 quem
1139 2295 1182 2336 in
1218 2297 1440 2351 Originum
1473 2298 1594 2340 libris
1630 2311 1653 2339 e
1688 2297 1906 2340 Servianis
1940 2296 2075 2337 multa
2107 2296 2151 2336 in
2188 2309 2307 2337 suum
2335 2307 2455 2337 usum

319 2374 588 2419 convertisse
618 2377 804 2426 constat,
834 2374 889 2416 de
918 2373 1058 2414 clauis
1081 2373 1204 2416 vocis
1233 2374 1399 2428 origine
1428 2375 1538 2417 haec
1566 2373 1790 2430 scripserit
1818 2372 1944 2428 (xlx
1977 2371 2103 2426 1‚15):
2132 2371 2310 2422 ‚Classis
2339 2371 2460 2415 dicta

321 2466 351 2494 a
377 2464 538 2508 gracco
567 2449 781 2493 vocabulo
809 2447 895 2491 ἇπύ
920 2451 1004 2492 τῶν
1030 2447 1183 2503 κάλων,
1212 2452 1237 2491 i.
1268 2464 1306 2493 e.
1336 2465 1376 2493 a.
1402 2451 1544 2507 lignis,
1579 2453 1693 2494 unde
1729 2456 1776 2493 et
1808 2450 1998 2502 calones,
2035 2450 2104 2503 qui
2134 2451 2214 2495 (sie
2241 2449 2455 2498 Δνοοοὶιη,

321 2530 500 2589 calones
528 2527 771 2580 naviculae,
804 2540 913 2582 quae
948 2529 1070 2581 Ouo)
1106 2527 1226 2582 ligna
1255 2528 1457 2571 militibus
1485 2530 1689 2584 portantf
1748 2528 1867 2581 Quae
1903 2528 1958 2571 de
1989 2527 2131 2570 elassis
2162 2541 2272 2571 voce
2304 2541 2337 2571 a
2359 2528 2456 2571 cala

319 2606 558 2654 derivanda
596 2605 640 2647 in
679 2604 803 2648 BCA
835 2604 989 2651 Lucilii
1022 2605 1166 2648 verbis
1200 2604 1388 2648 laudatis
1422 2604 1539 2648 dicta
1568 2610 1680 2660 sunt,
1723 2619 1777 2648 ea
1811 2605 1868 2648 ad
1914 2604 2132 2660 antiquum
2175 2604 2456 2662 interpretem

317 2684 550 2728 referenda
587 2697 684 2727 esse
725 2685 942 2738 videntur,
979 2698 1008 2728 a
1040 2697 1125 2739 quo
1160 2683 1308 2726 nescio
1344 2697 1400 2726 an
1440 2682 1612 2727 Servius
1648 2684 1886 2741 acceperit,
1930 2682 2126 2726 classem-
2154 2696 2287 2740 posse
2327 2694 2454 2728 unam

317 2774 469 2805 navem
499 2761 595 2804 dici.
651 2760 720 2802 llli
746 2775 851 2804 vero
882 2762 953 2816 qui
981 2761 1166 2804 classem
1196 2761 1297 2803 inde
1333 2761 1491 2804 dictam
1527 2774 1624 2804 esse
1659 2761 1740 2804 sibi
1768 2763 2090 2817 persuaserunt,
2126 2761 2242 2816 quod
2270 2761 2453 2817 equites,

318 2852 496 2895 quorum
525 2837 690 2881 classes
718 2838 852 2883 fuisse
887 2852 913 2881 a
940 2837 1090 2882 Servio
1123 2837 1312 2881 fortasse
1349 2838 1422 2891 (cf.
1452 2839 1508 2881 ad
1536 2840 1643 2882 Aen.
1677 2838 1720 2881 11
1747 2838 1801 2881 30
1829 2841 1876 2879 et
1901 2836 1965 2880 ΙΠ
1992 2837 2092 2891 602)
2129 2837 2381 2888 didicerant.
2408 2837 2452 2879 in

315 2915 459 2960 navali
486 2915 657 2972 proelio
686 2916 904 2972 stipendia
931 2915 1150 2968 fecissent,
1179 2916 1353 2958 barbari
1382 2915 1575 2959 homines
1603 2915 1790 2959 fuerunt.
1839 2913 1957 2967 Quos
1986 2919 2061 2958 aut
2088 2928 2141 2959 ea
2169 2928 2279 2971 quac
2307 2914 2452 2959 Livius

313 2992 483 3049 (XXIV
517 2993 579 3045 11,
608 2992 759 3036 xxvi
786 2993 858 3047 36)
889 2997 935 3034 et
962 2992 1035 3035 alii
1062 3005 1204 3034 rernm
1230 2992 1519 3035 Romanarum
1547 2993 1787 3048 scriptores
1815 2998 2111 3047 narraverunt,
2141 2992 2259 3036 bello
2283 2992 2449 3034 Punico

315 3072 506 3116 secundo
537 3083 625 3114 non
655 3068 788 3114 semel
817 3074 862 3112 et
889 3083 916 3112 a
944 3069 1218 3115 senatoribus
1248 3074 1293 3111 et
1321 3071 1377 3112 ab
1402 3070 1615 3125 equitibus
1643 3074 1799 3114 nantas
1829 3082 1923 3112 cum
1939 3069 2165 3126 stipendiis
2185 3070 2314 3113 datos
2342 3081 2453 3121 esse,

310 3165 398 3195 non
424 3155 546 3196 recte
579 3149 894 3204 interpretatos
929 3160 1040 3202 esse,
1072 3151 1147 3191 aut
1180 3159 1282 3191 suae
1318 3147 1460 3203 gentis
1493 3147 1691 3192 instituta
1723 3146 1769 3189 in
1795 3146 2017 3192 Romanos
2050 3147 2324 3193 transtulisse
2361 3156 2467 3189 sus·¹

310 3228 447 3286 picor.
503 3226 617 3272 lllud
653 3238 824 3283 quoque
859 3224 1286 3272 animadvertendum
1317 3232 1406 3279 est,
1440 3237 1583 3281 neque
1618 3224 1774 3269 milites
1811 3230 1930 3267 recte
1965 3225 2050 3269 dici
2087 3226 2304 3282 stipendia
2331 3225 2451 3277 dare,

305 3306 653 3374 et·vitiosissime
681 3304 800 3348 dicta
829 3315 925 3347 esse
954 3302 1081 3355 haec:¹
1109 3316 1221 3358 ‚nam
1250 3303 1390 3346 adhuc
1418 3314 1593 3359 pauper
1613 3301 1757 3351 fuerat
1783 3303 1995 3359 populus.‘
2024 3329 2027 3332 <
2318 3311 2322 3317 '
