2950 3712
1384 423 1412 470 6

330 592 440 628 auac
473 603 527 612 -
562 592 660 622 nam
697 578 753 620 ab
795 576 872 620 illo
907 577 1089 621 dicunt
1121 575 1376 619 inventum
1418 574 1467 630 (a
1501 579 1611 621 coni.
1644 577 1818 631 nutat)
1855 580 1902 619 et
1934 590 2054 620 usum
2094 590 2247 622 serrae
2272 578 2337 622 >de
2379 593 2481 624 osse

332 655 541 703 interiore
571 654 703 711 piscis
731 659 778 696 et
805 653 1007 697 circinum
1036 656 1218 709 propter
1246 664 1401 696 nomen
1438 667 1576 710 suum;
1607 668 1709 698 nam
1738 653 2177 711 aliquibusGircinus
2209 660 2396 712 putatus-
2412 662 2483 701 cst

337 732 599 789 appellatus,
635 731 704 774 vel
738 736 786 774 ut
819 730 990 786 quidam
1024 734 1245 786 propter
1288 730 1330 784 (e
1371 734 1483 774 coni.
1519 733 1696 788 auidi)
1727 745 1936 788 organum
1968 732 2186 775 inventum
2217 757 2273 765 -
2303 732 2485 778 tradant

337 810 574 866 fugientem
610 807 810 852 invidiam
844 808 901 850 ad
936 806 1122 850 Minoem
1160 805 1350 850 delatum
1386 808 1581 864 Cretam,
1623 809 1867 868 Pasiphaes
1907 807 2090 866 (pascite
2127 809 2188 859 B,
2223 811 2391 868 pasifac
2427 814 2485 866 Ρ)

339 887 485 931 uxoris
513 887 605 929 eius
633 884 809 927 nefandi
838 883 975 939 stupri
1005 882 1149 926 dolum
1177 884 1446 929 fabricasse‘.
1501 885 1747 929 Pleniorem
1775 887 2067 929 narrationem
2095 888 2150 930 de
2165 888 2351 932 Daedali
2380 890 2484 946 fuga

341 967 397 1008 ab
426 963 598 1011 homine
627 965 703 1005 aut
730 960 1114 1017 neglegentissimo
1143 964 1218 1003 aut
1245 960 1382 1005 latina
1411 962 1557 1018 lingua
1575 977 1740 1020 ,parum
1770 963 1902 1006 docto
1937 963 1980 1005 in
2009 965 2186 1008 brevius
2215 971 2485 1010 contractam

341 1054 439 1085 esse
476 1044 674 1096 apparet.
739 1037 1004 1091 Quamquam
1042 1037 1158 1092 quod
1191 1037 1417 1095 Philippus
1452 1039 1696 1095 Wagnerus
1739 1053 1888 1083 comm.
1923 1040 1963 1083 d.
1997 1040 2097 1084 Jun.
2132 1040 2240 1086 Phil.
2275 1043 2316 1086 ll
2351 1057 2391 1100 p.
2435 1044 2488 1087 15

342 1119 467 1171 dicit,
494 1117 741 1163 Beruenses
777 1120 823 1158 et
857 1113 1095 1158 Leidenses
1130 1115 1462 1160 commentarios
1498 1116 1541 1159 in
1574 1115 1733 1160 scholis
1771 1129 1826 1160 ex
1858 1129 1934 1160 ore
1961 1117 2156 1173 magistri
2192 1132 2219 1163 a
2261 1119 2483 1176 discipulis

342 1200 552 1252 exceptos
594 1195 649 1237 ab
699 1192 871 1247 alioque
921 1189 1188 1246 diligentius,
1234 1193 1289 1235 ab
1331 1191 1417 1236 alio
1461 1192 1765 1249 neglegentius
1810 1193 1855 1237 in
1892 1208 2011 1238 orum
2053 1195 2216 1239 codicis
2260 1196 2485 1241 coniectos

342 1273 494 1326 videri,
529 1272 573 1314 id
610 1272 666 1314 ad
706 1269 840 1312 multa
875 1281 1046 1323 quoque
1089 1281 1237 1311 eorum
1277 1284 1386 1324 quae
1421 1270 1464 1312 in
1498 1269 1698 1315 Parisino
1735 1276 1781 1314 et
1813 1272 2022 1316 Bernensi
2057 1272 2273 1316 Servianis
2311 1272 2486 1318 scholiis

342 1352 495 1395 addita
528 1353 629 1391 sunt
662 1348 883 1402 pertinere
919 1344 1129 1388 existimo.
1186 1344 1273 1388 Sed
1309 1346 1398 1390 sive
1433 1346 1643 1402 magistro
1679 1347 1752 1391 ille
1789 1349 1858 1404 qui
1893 1348 2003 1393 haec
2038 1349 2225 1406 scripsit,
2253 1349 2343 1393 sive
2371 1349 2485 1394 libro

341 1428 488 1482 aliquo
525 1426 635 1468 duce
670 1438 771 1467 usus
807 1428 889 1477 est,
923 1423 1094 1465 videtur
1128 1435 1306 1464 narrare
1336 1423 1536 1477 voluisse,
1573 1439 1599 1467 a
1627 1425 1810 1467 Perdice
1847 1431 1891 1467 ct
1925 1439 2088 1468 serram
2122 1430 2168 1468 et
2196 1427 2398 1470 circinum
2425 1428 2485 1470 in·

342 1511 516 1548 ventum
548 1516 657 1546 esse.
721 1502 880 1545 Cir-cini
915 1506 1059 1543 tamen
1103 1500 1390 1543 inventionem
1421 1502 1460 1543 ei
1489 1502 1678 1545 sortasse
1715 1508 1952 1558 propterea
1985 1504 2186 1547 tributam
2223 1517 2334 1558 esse,
2369 1505 2485 1557 quod

344 1583 540 1626 Circinus
575 1578 822 1635 appellatus
862 1583 993 1630 esset,
1031 1589 1285 1633 quamquam
1323 1579 1395 1620 alii
1432 1580 1675 1632 traderent,
1713 1581 1756 1622 id
1796 1581 1833 1621 ei
1869 1594 2024 1622 nomen
2058 1587 2242 1637 propter
2282 1581 2485 1624 circinum

342 1662 557 1704 inventum
584 1657 764 1699 inditum
794 1668 906 1697 esse.
968 1655 1193 1708 organum>
1214 1655 1324 1696 enim
1354 1655 1549 1708 circinus,
1579 1657 1621 1697 ni
1651 1656 1796 1710 fallor,
1823 1657 2142 1712 intellegendus
2170 1662 2251 1700 est.

544 1749 580 1775 v.
614 1735 676 1775 19.
707 1734 778 1783 ,Et
804 1734 958 1777 iterum
977 1733 1129 1774 miscet
1158 1733 1343 1775 dicendo
1369 1736 1603 1787 munificam,
1634 1735 1748 1786 quod
1779 1739 1848 1776 est
1875 1735 2020 1776 navis‘.
2080 1734 2161 1777 His
2188 1733 2347 1786 verbis,
2375 1744 2486 1785 quae

341 1827 450 1856 unus
492 1812 713 1853 Parisinus
757 1810 968 1861 servavit,
1010 1809 1201 1850 additum
1253 1816 1321 1851 est
1365 1811 1602 1865 ,aescylus‘.
1676 1811 1918 1854 Meminisse
1967 1811 2136 1853 videtur
2179 1811 2217 1854 is
2262 1809 2333 1863 qui
2374 1808 2485 1852 haec

342 1890 517 1945 scripsit
544 1886 882 1942 Agamemnonis
910 1885 1169 1938 Aeschyliae
1199 1901 1237 1928 v.
1266 1887 1320 1928 52
1349 1886 1562 1940 πτερύγων
1589 1887 1818 1941 ἐρετμοῖσιν
1844 1886 2118 1942 δρεπόμενοι.

342 2009 346 2015 ,
543 1980 580 2007 v.
607 1964 662 2006 39
691 1962 960 2014 ,aculeatam‘
992 1962 1108 2014 quod
1144 1962 1272 2016 vulgo
1308 1963 1467 2018 legitur
1501 1965 1543 2006 in
1581 1979 1665 2007 uno
1705 1964 1941 2020 Reginensi
1977 1969 2058 2008 est.
2113 1963 2335 2007 Parisinus
2373 1961 2483 2005 enim

338 2049 386 2087 et
414 2041 713 2098 Sangallensis
742 2038 1027 2093 ,maculatam‘
1055 2038 1229 2080 habent.
1286 2040 1334 2081 ln
1371 2041 1626 2084 Cassellano
1664 2043 1800 2098 prima
1833 2055 1982 2084 manus
2017 2041 2193 2096 scripsit
2227 2038 2482 2093 ,aculatam‘‚

338 2139 366 2169 a
394 2120 588 2166 secunda
615 2120 665 2173 ,e‘
695 2116 843 2160 littera
872 2128 1004 2172 supra
1031 2127 1197 2157 versum
1227 2117 1375 2160 addita
1404 2123 1484 2161 est.

500 2244 503 2247 ,
539 2212 578 2241 V.
606 2197 673 2239 49.
722 2195 773 2238 In
807 2194 936 2237 editis
969 2193 1284 2250 exemplaribus
1321 2196 1474 2239 vitiose
1508 2196 1666 2252 legitur
1700 2196 1984 2250 ,maiorque
2021 2195 2206 2249 videri;
2241 2194 2481 2245 videbatur,

338 2278 451 2322 sicut
492 2275 668 2319 solebat
706 2274 749 2315 in
791 2272 1125 2315 vaticinantibus
1160 2285 1374 2326 apparere
1417 2287 1496 2329 per
1536 2275 1716 2317 numinis
1756 2274 2072 2330 praesentiam‘.
2136 2272 2307 2316 Etenim
2350 2271 2483 2313 verba

339 2356 465 2409 ,sicut
493 2351 932 2406 solebat-apparere‘
961 2363 1047 2392 non
1077 2348 1241 2391 habent
1276 2361 1361 2402 quo
1398 2351 1653 2394 referantur.
1715 2344 1941 2395 Librorum
1975 2351 2181 2394 memoria
2215 2349 2376 2406 duplex
2405 2353 2483 2391 est.

341 2429 604 2486 Reginensis
640 2428 751 2471 enim
790 2432 837 2469 et
871 2423 1168 2481 Sangallensis
1204 2427 1420 2481 praebent
1454 2428 1579 2479 ,sicut
1615 2428 1789 2490 solebat
1821 2429 1865 2471 in
1902 2427 2235 2471 vaticinantibus
2271 2437 2484 2482 apparere

338 2507 520 2552 numinis
548 2505 824 2562 praesentia‘,
852 2503 1073 2548 Parisinus
1109 2506 1154 2544 et
1181 2501 1460 2547 Cassellanus
1495 2505 1620 2558 ,sicut
1647 2505 1819 2549 solebat
1851 2506 1894 2548 in
1927 2503 2237 2548 vaticinatione
2271 2514 2485 2559 apparere

338 2598 420 2642 per
447 2582 628 2626 numinis
655 2579 973 2639 praesentiam‘.
1031 2577 1136 2623 Cum
1165 2583 1346 2634 utraque
1375 2581 1591 2638 scriptura
1618 2581 1862 2638 peculiares
1892 2582 2072 2624 virtutes
2100 2579 2274 2632 habeat,
2301 2583 2399 2620 utra
2427 2578 2486 2620 sit

340 2661 480 2708 Servii
514 2660 596 2714 ,vix
630 2659 796 2716 poterit
829 2657 1064 2701 diiudicari.
1121 2656 1230 2700 Nam
1264 2655 1525 2713 Reginensis
1560 2659 1848 2702 testimonium
1880 2657 2082 2700 Parisino
2130 2656 2340 2699 sermonis
2379 2655 2484 2697 inte·

338 2738 499 2796 gritate
544 2735 784 2791 antecellit,
828 2736 912 2779 hoc
961 2735 1097 2792 magis
1149 2745 1275 2788 quam
1315 2733 1420 2777 illud
1467 2736 1524 2778 ad
1573 2736 1757 2791 Vergilii
1800 2738 1935 2778 verba
1978 2734 2352 2776 adcommodatum
2394 2736 2481 2785 cst3

341 2815 548 2871 Sibyllam
576 2814 687 2858 enim
715 2813 954 2858 scholiasta
982 2812 1088 2856 dicit
1114 2811 1158 2854 in
1186 2811 1498 2855 vaticinatione
1527 2813 1732 2856 maiorem
1761 2825 1976 2868 apparere
2011 2813 2038 2855 i.
2067 2825 2105 2856 e.
2132 2810 2280 2853 videri.

538 2907 576 2935 v.
605 2892 671 2935 51.
703 2890 912 2945 ,Cessas
940 2889 991 2932 in
1018 2892 1158 2944 vota;
1188 2890 1337 2933 tardus
1367 2903 1414 2933 es
1434 2890 1491 2933 ad
1520 2896 1622 2934 vota
1646 2889 1868 2944 facienda3
1896 2902 1993 2932 nam
2022 2889 2058 2932 si
2087 2888 2244 2931 dixerit
2273 2900 2407 2929 cem:
2434 2889 2477 2927 in

339 2973 445 3013 cotis
485 2968 570 3013 hoc
614 2968 846 3024 significat:
890 2967 1040 3009 tardus
1075 2979 1123 3009 es
1165 2968 1264 3009 dum
1300 2972 1403 3011 vota
1435 2968 1572 3012 facis‘.
1637 2968 1727 3011 Pro
1769 2966 1951 3020 ‚dixerit‘
1991 2965 2250 3022 Reginensis
2292 2965 2477 3021 praebet

342 3049 587 3104 ‚dixerunt‘,
631 3046 784 3099 reliqui
826 3045 924 3089 libri
965 3045 1148 3099 ,dixeris‘
1190 3044 1366 3088 habent.
1437 3045 1536 3089 Hoc
1584 3044 1879 3100 recipiendum
1920 3047 1990 3087 est
2028 3048 2074 3086 et
2112 3057 2193 3100 pro
2236 3040 2477 3098 ‚significat‘

333 3126 612 3170 scribendum
641 3122 947 3179 ,significatura
2194 3157 2197 3159 .
2276 3158 2282 3163 .

535 3217 574 3245 v.
603 3201 670 3244 57.
699 3200 788 3243 Pro
817 3200 874 3253 ,in
902 3199 1096 3255 Stygiam
1121 3197 1334 3254 paludem‘
1363 3198 1599 3252 legendum
1618 3200 1687 3239 est
1714 3195 1783 3239 vel
1811 3195 1866 3250 ‚in
1895 3194 2070 3252 Stygem
2097 3194 2324 3252 paludem‘,
2355 3193 2470 3247 quod

329 3283 427 3330 RS,
464 3280 532 3323 vel
565 3280 623 3334 ‚in
657 3279 794 3334 Styge
827 3277 1165 3333 palude‘,‚quod
1193 3277 1281 3321 ,PC
1310 3276 1486 3321 habent.
1543 3277 1706 3320 Verba·
1729 3287 1855 3328 quae.
1875 3278 1974 3318 sunt
1992 3287 2147 3328 ,manu
2173 3271 2336 3326 matris,
2363 3271 2476 3314 unde
