2950 3712
1502 306 1545 354 5.

656 461 733 508 Ad-
761 475 802 505 v.
834 461 863 505 2
895 460 1038 505 omnia
1071 465 1186 517 quae
1215 460 1315 505 mai
1347 464 1527 518 praesto
1559 465 1661 505 sunt
1700 461 1913 518 impressa
1952 459 2215 518 exemplaria
2255 458 2366 502 haec
2405 458 2592 503 habenti

458 537 673 591 ‚Ceterum
700 551 824 603 mora
849 551 938 583 non
966 537 1182 595 congruit,
1206 537 1262 582 de
1281 536 1462 596 (ἔπρηξε
1479 537 1636 582 Cumas
1663 538 1871 595 usquein
1897 541 2022 581 tanta
2045 536 2266 581 vicinitate
2294 539 2383 579 tan
2409 535 2588 592 baga-

451 614 586 666 ωηο
626 614 964 671 navigationem,
1007 614 1263 673 praesertim
1280 615 1543 659 'accedente
1583 615 1734 660 favore
1775 614 1991 672 Neptunt‘
2058 613 2242 659 Meliora
2280 613 2421 656 multa
2449 617 2498 655 et
2530 615 2587 656 ad

453 691 803 748 intellegendum..
824 691 1024 738 faciliora
1064 695 1165 735 snut
1205 704 1316 747 quae
1348 692 1393 735 in
1432 692 1485 734 iis
1518 706 1628 748 quos
1667 693 1763 749 ipse
1797 693 1958 736 contuli
1994 693 2116 736 libris
2159 696 2206 734 et
2237 692 2279 734 in
2314 691 2588 746 Sangallensi

457 767 661 823 leguntur
693 767 909 822 ,Ceterum
933 782 1057 813 mora
1066 781 1179 815 non
1198 768 1399 824 00th
1434 769 1488 811 de
1524 768 1705 825 Capreis
1733 768 1890 812 Cumas
1917 782 2067 825 usque,
2095 769 2154 812 ad
2180 768 2441 811 vicinitatem
2470 780 2591 811 acce·

458 845 589 895 dente
629 845 780 890 favore
820 845 1037 902 Neptuni!
1067 885 1071 888 .
1096 845 1363 901 Quamquam
1401 850 1505 902 post
1536 845 1622 888 illa.
1649 859 1759 901 quae
1795 850 1896 889 sunt
1928 846 1998 899 ,de
2033 845 2215 902 Capreis
2249 844 2405 887 Cumas
2438 847 2589 900 usqne‘

456 921 646 971 fortasse
674 923 919 978 ,naviganti‘
945 922 1217 968 librariorum
1244 922 1523 979 neglegentia
1549 923 1782 966 intercidit.
1811 947 1858 956 —
1893 923 2014 977 Quae
2043 927 2279 978 sequuntur
2307 924 2388 975 ‚An
2419 923 2589 966 undu-

458 999 516 1043 ad
543 1000 893 1056 consuetudinem
926 998 1230 1054 navigantium,
1266 999 1418 1055 quibus
1453 999 1570 1044 nulla
1602 1014 1691 1044 non
1724 1000 1859 1058 longa
1891 1000 2024 1044 fuisse
2051 999 2272 1056 navigatio
2303 999 2497 1043 videtur?
2531 1014 2588 1044 an

457 1078 625 1124 tandm
663 1078 720 1122 ad
751 1077 864 1122 idem
897 1080 1065 1133 tempus
1098 1076 1304 1132 refertur,
1339 1089 1392 1120 ex
1432 1091 1517 1133 quo
1551 1076 1688 1122 Troia
1718 1078 1963 1134 navigatum
2004 1076 2113 1122 est‘l‘
2173 1075 2332 1121 Petrus
2366 1076 2522 1121 Daniel
2562 1089 2588 1121 e

457 1156 667 1201 Bemensi
703 1154 984 1211 deprompsit,
1021 1154 1064 1198 in
1101 1153 1277 1210 reliquis
1313 1154 1423 1198 enim
1458 1153 1577 1199 libris
1611 1155 1780 1200 desunt.
1821 1179 1874 1188 —
1914 1154 1964 1198 In
1999 1152 2254 1199 Cassellano
2286 1154 2387 1199 huic
2421 1155 2588 1200 scholio

457 1235 574 1278 baec
615 1232 766 1278 addita
807 1236 924 1285 sunt,
965 1229 1076 1287 quae
1122 1230 1276 1286 reliqui
1323 1229 1422 1274 libri
1466 1245 1555 1275 non
1594 1232 1777 1277 habent:
1821 1231 1919 1287 ,Alii
1961 1231 2110 1275 dicunt
2143 1231 2299 1275 Cumas
2334 1244 2362 1275 a
2403 1232 2589 1277 mulieris

462 1309 745 1368 praegnantis
773 1307 956 1361 nomine,
992 1320 1102 1363 quae
1136 1306 1495 1353 Chalcidensibus
1527 1307 1620 1353 fata
1654 1310 1854 1363 canebat,
1889 1307 2148 1365 appellatas·
2210 1307 2298 1352 Sed
2332 1308 2590 1366 prolempsin

465 1393 554 1442 est;
583 1401 681 1430 nam
709 1389 810 1428 ante
840 1384 957 1427 venit
982 1386 1157 1429 Aeneas
1179 1385 1248 1438 ¹ad
1276 1384 1458 1439 ltaliam,
1493 1399 1632 1442 quam.
1647 1385 1984 1430 Cbalcidenses.‘
2040 1386 2202 1439 Quibus
2238 1385 2419 1429 alteram
2447 1399 2592 1430 earum

461 1479 568 1522 quas
597 1463 768 1508 Servius
798 1461 1146 1504 commemoravit
1173 1460 1398 1520 Cumarum
1426 1452 1609 1507 nominis
1637 1463 1969 1519 originationum
1996 1463 2236 1520 impugnari
2269 1463 2403 1507 vides.

659 1555 699 1584 v.
725 1539 766 1582 3.
806 1539 1236 1592 ,Obvertunt-non
1264 1540 1514 1594 obvertit,
1541 1545 1591 1583 ut
1616 1553 1705 1584 non
1728 1541 1917 1595 Aeneae,
1945 1540 2023 1584 sed
2049 1541 2181 1584 sociis
2214 1539 2316 1584 vilia
2343 1544 2390 1583 et
2416 1542 2593 1585 nautica

464 1620 620 1663 dentur
655 1615 810 1669 officia,
848 1629 919 1658 ars
956 1629 1058 1660 vero
1094 1616 1365 1671 gubernandi
1404 1616 1490 1660 soli
1520 1617 1734 1661 tribuatur
1766 1618 1956 1661 Aeneae‘
1993 1617 2089 1661 BC.
2147 1617 2279 1671 ‚Bene
2322 1621 2465 1661 autem
2509 1620 2593 1662 ob·

462 1700 690 1750 vertunt,
718 1698 767 1738 ut
788 1708 875 1737 non
901 1694 1078 1737 Aeneae
1105 1693 1184 1736 sed
1211 1693 1341 1737 sociis
1369 1692 1470 1737 vilia
1497 1695 1652 1738 dentur
1680 1695 1836 1740 officia.
1893 1695 2173 1740 Gubernandi
2206 1709 2277 1739 ars
2306 1694 2389 1739 soli
2415 1697 2594 1739 Aeneae

464 1774 728 1818 conceditur⁴
757 1773 844 1813 Rs.
902 1771 1014 1825 ,Non
1042 1771 1242 1820 obvertit⁴
1281 1775 1327 1812 et
1364 1776 1422 1820 ‚et
1456 1772 1655 1826 nautica‘,
1690 1786 1800 1828 quae
1829 1786 2097 1828 supervacua
2126 1774 2224 1825 sint,
2253 1774 2415 1815 rectius
2444 1773 2595 1816 videor

466 1855 658 1896 statuere
702 1852 758 1894 ab
799 1847 1115 1906 interpolatore
1158 1847 1302 1904 aliquo
1338 1848 1489 1891 addita
1522 1862 1638 1903 esse,
1681 1864 1808 1906 quam
1849 1864 1877 1893 a
1909 1850 2159 1905 neglegenti
2200 1850 2380 1893 librario
2421 1851 2596 1894 omissa.

463 1930 576 1974 Illud
605 1929 734 1973 etiam
766 1929 807 1971 in
847 1928 922 1970 Rs
954 1926 1104 1969 melius
1140 1926 1271 1981 ,quod
1306 1927 1440 1969 verba
1479 1929 1763 1982 ‚gubernandi
1797 1942 1869 1971 ars
1897 1928 1980 1971 soli
2012 1931 2188 1971 Aeneae
2231 1928 2497 1971 conceditur‘
2540 1929 2597 1971 ab

466 2007 688 2049 enuntiato
729 2005 1011 2048 consecutivo
1047 2006 1254 2058 separata
1287 2007 1399 2044 sunt.
1461 2004 1736 2047 Gubernatas
1778 2006 1889 2046 enim
1931 2009 2028 2047 esse
2067 2018 2199 2047 naves
2234 2007 2290 2047 ab
2324 2007 2477 2047 Aenea
2510 2019 2598 2048 non

465 2083 566 2127 inde
592 2072 873 2138 intellegitur,
910 2080 1025 2135 quod
1061 2079 1169 2122 socii
1202 2093 1358 2135 proras
1393 2079 1554 2137 pelago
1584 2079 1880 2136 obvenerunt,
1914 2082 1991 2124 sed
2027 2094 2079 2124 ex
2111 2081 2163 2123 iis
2198 2094 2310 2136 quae
2345 2097 2382 2124 v.
2417 2082 2444 2124 2
2479 2083 2598 2125 dicta

467 2164 567 2204 sunt
594 2159 820 2214 ,classique
849 2156 1024 2199 inmittit
1050 2156 1271 2198 habenas.‘

665 2236 734 2278 Ad
761 2249 800 2277 v·
827 2236 856 2277 5
895 2235 939 2275 in
964 2233 1174 2275 Beruensi
1211 2239 1257 2275 et
1294 2233 1549 2274 Caesellano
1585 2235 1669 2275 duo
1704 2235 1871 2276 scholia
1909 2238 2075 2286 extant,
2111 2247 2221 2287 quae
2256 2237 2444 2276 nondum
2480 2236 2599 2277 edita

467 2317 580 2357 sunt.
644 2312 1002 2366 ,Praetexunt3
1043 2314 1325 2372 praetegunt,
1369 2314 1417 2351 ut
1465 2310 1591 2363 (Aen.
1633 2310 1696 2352 IV
1736 2311 1837 2367 500)
1880 2317 2137 2366 pronaeve
2172 2312 2330 2364 funera
2368 2315 2512 2355 uerit
2553 2317 2600 2356 et

467 2390 704 2443 ‚Emicat;
741 2402 818 2431 cur
850 2389 934 2430 boc
969 2389 1145 2429 verbum
1187 2387 1385 2441 posuerit
1418 2400 1471 2427 ex
1510 2388 1706 2440 sequenti
1745 2389 1991 2443 (exequenti
2030 2389 2180 2441 codd)
2222 2402 2276 2432 ac
2309 2395 2355 2432 tu
2402 2390 2598 2433 iuvenum

468 2467 773 2510 advertendum
803 2467 896 2508 est.‘
952 2464 1202 2519 Legendum
1228 2463 1398 2505 videtur
1431 2477 1497 2515 ,ac
1529 2462 1628 2506 τοῦ.ι
1685 2464 1805 2509 Unus
1835 2465 2112 2509 Cassellanus
2140 2470 2250 2523 post·
2277 2465 2432 2510 lemma
2464 2465 2601 2510 Servi·

468 2557 594 2588 annm
622 2543 739 2599 qnod
766 2548 835 2587 est
862 2546 1084 2600 ,Juvenum
1111 2541 1273 2585 manus‘
1298 2540 1408 2583 haec
1436 2539 1587 2582 habet:
1617 2541 1699 2594 ,vel
1727 2543 1843 2598 quod
1870 2548 1917 2586 et
1941 2544 1988 2590 (l.
2015 2543 2145 2598 haec)
2175 2546 2301 2586 aetas
2327 2547 2435 2599 apta
2461 2543 2518 2586 sit
2545 2543 2600 2587 ad

469 2621 818 2679 praeparandum
846 2633 957 2677 quae
986 2620 1043 2663 ad
1070 2632 1191 2662 usum
1217 2618 1466 2662 necessaria
1493 2623 1594 2660 sunt
1619 2619 1700 2662 vel‘
1715 2653 1727 2665 .
1743 2653 1753 2663 .
1769 2654 1780 2664 .

667 2713 704 2740 v.
732 2698 772 2741 9.
818 2697 957 2741 Goelii
984 2698 1131 2750 verba,
1160 2709 1270 2752 quae
1288 2695 1539 2738 Hermanno
1559 2695 1720 2740 Petero
1750 2698 1824 2752 (cf.
1840 2699 1953 2743 Hist.
1971 2699 2097 2743 Rom.
2125 2698 2218 2742 rell.
2245 2712 2289 2755 p.
2321 2697 2418 2754 163)
2447 2698 2603 2754 scripsi

471 2790 498 2820 a
534 2775 670 2818 Petro
703 2774 886 2817 Daniele
929 2787 954 2815 e
989 2772 1190 2819 Parisino
1224 2773 1482 2829 deprompta
1516 2785 1613 2814 esse
1647 2775 1802 2830 videri,
1844 2777 2055 2820 Bemensi
2098 2776 2249 2819 deberi
2284 2775 2493 2831 Hagenus
2535 2789 2602 2819 me

373 2900 382 2912 ,
475 2854 635 2908 docuit,
663 2853 707 2895 in
735 2848 821 2907 quo
849 2866 945 2896 ιιοιι
965 2857 1027 2895 est
1051 2851 1281 2907 legeretur,
1310 2850 1389 2894 sed
1408 2851 1494 2893 ab&
1544 2838 1618 2918 (e).
1674 2853 1955 2897 Scribendum
1981 2853 2113 2910 igitur
2141 2854 2213 2908 ,ibi
2240 2853 2286 2896 in
2311 2853 2414 2896 sano
2435 2853 2602 2949 signum

474 2930 687 2987 Apollinis
714 2929 914 2985 ligneum,
942 2928 1077 2971 altum
1102 2942 1192 2972 non
1219 2929 1353 2971 minus
1381 2929 1518 2984 pedes
1545 2929 1656 2971 XVJ

529 3049 532 3053 .
671 3021 711 3050 v.
743 3005 807 3049 14.
843 3006 1049 3051 Extrema
1076 3006 1199 3050 huius
1224 3004 1377 3050 scholii
1403 3006 1549 3060 verba,
1580 3019 1690 3062 quae
1717 3007 1761 3049 in
1789 3006 1989 3051 Parisino
2019 3012 2065 3050 et
2082 3006 2293 3065 Bemensi
2322 3004 2426 3048 solis
2454 3009 2605 3048 extant

475 3085 538 3130 sic
574 3084 667 3128 fere
702 3083 931 3129 scribenda
965 3083 1182 3128 videntur:
1230 3083 1425 3138 ,Quidam
1464 3082 1576 3127 hunc
1609 3082 1851 3128 Daedalum
1891 3083 2120 3143 Eupalami
2162 3084 2289 3127 filium
2325 3087 2419 3125 arte
2460 3083 2605 3129 fabrili

472 3162 673 3216 nobilem,
701 3161 848 3206 occiso
868 3160 1053 3207 Perdice
1082 3161 1246 3206 sororis
1265 3168 1374 3206 suae
1397 3162 1512 3217 filio,
1528 3175 1653 3219 quem
1671 3162 1809 3206 solum
1836 3162 1998 3206 habere
2024 3165 2246 3208 metuebat
2262 3159 2472 3271 aeulmlum
2499 3166 2607 3209 artis
