2950 3712
1415 309 1442 356 7

390 462 558 508 Statius
568 464 622 506 -ei
645 465 862 521 1⁸.qu
884 469 1023 511 aenne
1059 473 1096 504 e.
1126 471 1230 516 ιιι-’3.
1259 474 1285 505 c
1312 462 1534 506 codicibus
1564 461 1727 504 saeculi
1755 461 1854 516 XV,
1883 461 2000 504 inter
2026 473 2136 516 quos
2155 462 2396 507 Pan’sinum
2423 464 2534 508 7965

395 542 582 597 nomino,
611 543 875 598 deprompta·
898 545 999 584 sunt
1025 546 1125 583 et·a
1152 539 1304 584 Servio
1331 539 1487 583 aliena.
1543 540 1593 582 In
1627 540 1679 582 iis
1716 551 1827 593 quae
1864 545 2099 593 sequuntur
2132 540 2392 584 dissentiunt
2426 542 2541 584 inter

393 632 464 662 se·
487 620 563 677 RS
602 624 649 662 et
674 620 827 664 ..CPE
865 618 957 664 ·;111ἰ
991 619 1102 661 enim
1143 617 1320 661 babent·
1347 617 1463 671 quod
1504 617 1662 659 editum
1705 621 1775 659 est
1816 616 1900 669 ,qui
1943 615 2173 673 (Achilles)
2216 632 2308 661 cum
2351 626 2538 662 amatam

393 696 658 753 Polyxenam
687 703 739 741 nt
776 698 822 740 in
848 696 1012 752 templo
1041 695 1275 750 acciperet,
1304 694 1557 747 statuisset‘,
1586 693 1627 736 hi
1657 706 1710 747 ‚q.
1741 707 1778 736 c.
1808 707 1846 736 a.
1876 692 1925 736 P.
1955 699 2004 737 ut
2029 695 2073 737 in
2107 695 2270 751 templo
2299 696 2534 753 acciperet.

394 775 688 819 sacrificaret&
749 774 932 819 Dubium
968 785 1065 815 esse
1106 785 1193 815 non
1227 777 1387 828 potest,
1433 771 1533 824 quin
1574 784 1628 814 ea
1672 783 1782 825 quae
1827 771 1904 814 Rs
1943 773 2211 816 servaverint
2257 772 2393 817 Servii
2436 774 2534 817 sint.

399 851 584 894 Primum
604 853 715 894 enim
734 849 1148 911 dicendum4fuit2,ut
1174 850 1407 905 acciperet,
1436 849 1480 890 in
1507 847 1670 903 templo
1701 848 1994 891 sacrificaret‘.
2031 849 2199 892 Deinde
2226 850 2400 894 Servius
2427 851 2537 895 haec

405 929 440 971 si
471 929 733 985 scripsisset,
749 939 958 983 perquam
977 928 1160 969 obscure
1179 926 1479 981 significasset,
1501 925 1616 977 quod
1635 924 1879 980 significare
1895 938 1994 968 eum
2014 926 2216 970 debuisse
2238 940 2262 970 e
2282 926 2536 971 Philostrati

398 1006 599 1048 Heroicis
627 1020 667 1061 p.
688 1005 769 1048 737
800 1005 1014 1047 coniicerc
1047 1003 1162 1056 licet,
1193 1002 1401 1046 Achillem
1428 1002 1486 1044 ad
1513 1000 1727 1057 Apollinis
1757 1001 2016 1058 Thymbraei
2044 1003 2247 1059 templum
2278 1005 2461 1058 venisse,
2491 1010 2540 1047 ut

399 1084 612 1127 sacrificio
648 1088 694 1129 et
726 1083 818 1124 iure
855 1081 1035 1123 iurando
1069 1080 1224 1122 foedus
1264 1080 1380 1120 inter
1414 1079 1609 1122 Graecos
1653 1083 1698 1119 et
1732 1078 1949 1122 Troianos
1992 1080 2251 1135 sanciretur,
2295 1094 2382 1135 quo
2417 1081 2537 1125 facto

396 1159 661 1215 Polyxenam
690 1160 922 1215 acciperet.
985 1158 1135 1211 ltaque
1171 1155 1461 1209 ‚sacrificaret‘
1497 1154 1601 1196 illud
1637 1155 1852 1197 inventum
1889 1169 1986 1198 esse
2026 1161 2132 1211 puto
2157 1158 2225 1200 ab
2260 1158 2424 1212 aliquo,
2467 1160 2537 1212 qui

395 1238 649 1289 ‚statuisset‘
678 1236 780 1289 quid
819 1236 899 1277 sibi
929 1234 1062 1276 vellet
1093 1234 1337 1289 ignorabat.
1396 1232 1596 1274 Ceterum
1633 1238 1738 1286 post
1772 1232 1962 1288 ,templo‘
2001 1233 2227 1289 ‚Apollinis
2262 1235 2537 1290 Thymbraei‘

391 1313 670 1356 intercidisse
707 1313 920 1354 videntur.
956 1336 1009 1344 -—
1054 1312 1105 1353 ln
1139 1315 1330 1352 extremo
1366 1308 1532 1352 scholio
1567 1309 1645 1351 Rs
1680 1311 1898 1363 praebent
1932 1314 1992 1362 ‚ut
2019 1311 2110 1353 eius
2145 1310 2239 1354 fata
2268 1311 2536 1368 complerct‘,

394 1391 477 1434 GP
514 1394 575 1444 ,ut
616 1389 706 1432 eius
758 1393 861 1432 vota
909 1387 1178 1445 compleres‘.
1238 1387 1350 1429 lllud
1399 1385 1616 1443 praetem,
1660 1387 1775 1440 quod
1823 1387 1875 1429 iis
1903 1399 2035 1441 ·quac
2084 1389 2351 1431 antecedunt
2397 1391 2537 1447 magis

392 1467 673 1524 respondent.
712 1472 829 1520 ,vota
857 1465 1111 1522 compleres‘
1149 1465 1219 1518 qui
1254 1464 1441 1520 scripsit,
1476 1464 1513 1506 is
1541 1477 1630 1506 non
1656 1463 1944 1518 intellexerat,
1981 1465 2098 1518 ,eius‘
2131 1465 2407 1509 referendum
2436 1481 2535 1511 esse

391 1545 447 1588 ad
479 1544 591 1598 ,quid
620 1542 797 1592 ferirct‘.
834 1543 949 1595 quod
978 1542 1094 1584 illum
1131 1553 1300 1596 quoque
1335 1540 1458 1596 fugit,
1496 1540 1566 1595 qui
1594 1540 1799 1590 ‚Achillis‘
1829 1554 1908 1596 pro
1939 1541 2056 1595 ‚cius‘
2085 1541 2276 1585 Servium
2305 1544 2535 1601 scripsisse

394 1621 587 1666 coniecit

593 1711 630 1738 v.
663 1697 729 1739 60.
766 1695 1098 1750 ,Mediterranea
1140 1695 1251 1736 enim
1296 1699 1365 1736 est
1396 1707 1498 1756 pars
1539 1694 1836 1735 Mauritaniae‘
1887 1695 2007 1735 uncis
2042 1695 2216 1736 inclusit
2249 1697 2533 1740 Burmannus.

391 1774 481 1818 Sed
509 1774 713 1830 leguntur
740 1773 848 1816 haec
878 1775 1010 1816 verba
1027 1774 1071 1815 in
1100 1773 1187 1815 RS.
1243 1772 1422 1816 Omissis
1452 1771 1576 1824 ,enim
1603 1775 1674 1812 est
1700 1784 1742 1825 p.
1761 1770 1831 1810 M!
1889 1771 2109 1813 Parisinus
2138 1777 2185 1813 et
2201 1773 2436 1816 Bernensis
2466 1787 2535 1816 ex·

395 1850 562 1905 hibent,
610 1851 1008 1905 ,mediterraneum‘,
1044 1850 1322 1892 Oassellanus
1363 1849 1761 1901 ,mediterraneam‘.
1830 1848 1950 1910 Quae
1993 1856 2228 1901 sequuntur
2263 1852 2534 1905 ‚praesertim

399 1940 493 1970 cum
521 1950 574 1957 -
604 1930 743 1970 vacat‘
773 1940 797 1969 e
827 1928 1049 1970 codicibus
1078 1940 1193 1969 saec.
1221 1927 1314 1968 XV*
1333 1926 1474 1981 petita
1502 1930 1613 1966 sunt.

593 2018 632 2047 v.
671 2004 737 2047 64.
773 2004 861 2047 Pro
896 2003 962 2046 his
992 2015 1101 2057 quae
1136 2005 1180 2047 in
1209 2005 1285 2045 Rs
1318 2007 1419 2046 sunt
1454 2002 1593 2056 ,Quod
1629 2006 1771 2043 autem
1813 2013 1907 2042 cum
1947 2001 2105 2042 dixerit
2144 2003 2290 2059 diique
2331 2006 2537 2062 deaeque,

391 2096 533 2124 onnes
565 2080 740 2124 dearum
768 2085 932 2124 tantum
967 2080 1203 2138 reperimus
1237 2079 1432 2138 exempla
1465 2092 1553 2122 non
1586 2078 1733 2120 mirum
1763 2080 1843 2120 est‘
1879 2078 1961 2121 PC
1983 2076 2148 2121 habent
2181 2080 2283 2135 ,Cur
2311 2087 2455 2127 autem
2484 2109 2534 2117 -

391 2183 446 2192 -—
473 2159 739 2216 reperiamus
772 2183 821 2190 —-
851 2183 903 2190 -
938 2172 1025 2201 non
1059 2159 1207 2202 mirum
1241 2160 1335 2212 est‘,
1375 2170 1485 2214 quae
1521 2157 1734 2213 scriptura
1769 2158 1824 2199 ab
1861 2157 2010 2213 inepto
2048 2156 2360 2210 elegantiarum
2389 2164 2535 2207 studio

392 2237 561 2280 videtur
590 2237 790 2293 profecta
817 2249 927 2280 esse.
984 2235 1139 2292 Aptius
1167 2235 1209 2278 in
1237 2236 1290 2279 iis
1319 2247 1429 2290 quae
1460 2239 1693 2289 sequuntur
1720 2247 1800 2290 pro
1831 2235 1948 2289 ,licet
1974 2235 2145 2277 dicatur
2171 2238 2300 2280 etiam
2327 2240 2535 2297 Neptuno

396 2314 588 2357 obfuisse
618 2314 753 2357 Troia
780 2328 833 2356 ex
853 2313 1145 2368 denegatione
1163 2314 1435 2367 mercedum‘,
1467 2313 1583 2367 quod
1615 2313 1689 2354 Rs
1717 2312 1931 2366 exhibent,
1960 2314 2003 2354 in
2033 2314 2115 2355 PC
2139 2316 2344 2371 scriptum
2373 2323 2443 2361 est
2469 2332 2537 2373 ,cx

401 2392 620 2446 denegata
646 2392 873 2437 mercede‘.
902 2414 957 2422 —-
990 2391 1041 2432 ln
1069 2390 1383 2445 Georgicorum
1413 2404 1538 2433 versu
1568 2391 1606 2445 (l
1639 2391 1733 2442 137)
1763 2401 1884 2441 quem
1918 2390 2091 2434 Servius
2118 2391 2203 2435 hoc
2233 2393 2334 2437 loco
2369 2395 2540 2450 profert

401 2467 576 2509 codices
605 2481 692 2510 non
722 2470 860 2517 ‚uunc‘
893 2473 940 2509 ut
965 2467 1125 2509 Lionus
1155 2467 1272 2516 dixit,
1301 2468 1378 2509 sed
1409 2471 1535 2520 ,tunc‘
1565 2467 1741 2510 habent.

593 2543 643 2585 In
671 2543 838 2587 scholio
855 2545 924 2592 *ad
952 2559 988 2586 v.
1018 2543 1071 2586 72
1099 2543 1303 2598 adposito
1333 2549 1495 2597 quanta
1523 2544 1579 2587 sit
1605 2543 1718 2586 inter
1745 2543 1820 2584 RS
1848 2549 1895 2584 et
1925 2543 2006 2586 GP
2029 2544 2257 2599 dissensio,
2288 2553 2336 2590 ut
2363 2547 2532 2593 facilius

392 2623 701 2674 cognoscatur,
732 2633 842 2675 quae
870 2620 915 2664 in
942 2621 1131 2675 utrisque
1159 2619 1363 2678 leguntur
1388 2634 1442 2665 ex
1468 2621 1652 2664 adverso
1681 2632 1852 2676 ponam.

502 2697 634 2746 ,Τιιω
699 2705 855 2749 συνίης
924 2696 1134 2754 Sibyllina
1196 2711 1422 2754 responsa,
1605 2698 1736 2747 ,Tuas
1766 2703 1919 2748 sorta,-
1958 2697 2167 2754 Sibyllina
2202 2711 2435 2757 responsa,
2471 2703 2533 2747 de

392 2787 522 2828 quae
555 2780 611 2818 ut
642 2776 1053 2831 supra-diximus
1080 2776 1288 2818 incertum
1317 2775 1426 2831 (cer-
1498 2776 1679 2830 quibus
1722 2789 1878 2832 supra
1920 2775 2161 2831 diximus,
2203 2776 2415 2820 incertum
2465 2784 2535 2823 est

390 2855 479 2894 tum
507 2852 576 2906 R)·
598 2857 667 2896 est
699 2853 818 2897 cuius
852 2852 1043 2910 Sibyllae
1078 2853 1247 2908 fuerint,
1284 2865 1423 2908 quam·
1498 2853 1617 2897 cuius
1669 2852 1859 2909 Sibyllae
1910 2851 2083 2907 fuerint,
2139 2864 2392 2907 quamquam
2440 2855 2532 2899 Cu-

393 2940 520 2982 quam
557 2928 814 2973 *Cumanae
863 2930 1070 2987 Virgilius
1119 2932 1248 2985 dicat,
1283 2931 1426 2974 Varro
1498 2944 1687 2974 manam
1712 2930 1920 2986 Virgilius
1939 2931 2070 2984 dicat,
2089 2931 2234 2973 Varro
2256 2931 2531 2986 Erythrae·

390 3005 734 3061 Erythraeae,
755 3009 846 3050 sed
865 3014 1042 3051 constat
1061 3009 1260 3062 (Servilio
1281 3008 1425 3051 Tullio
1499 3023 1573 3051 am
1608 3009 1712 3062 (erit
1744 2998 1837 3051 hei
1870 3007 1924 3063 G)
1959 3022 2091 3052 esse.
2147 3008 2333 3053 Constat
2365 3013 2530 3052 autem

398 3085 501 3126 cdd.
552 3084 610 3138 R)
661 3089 874 3139 regnante
924 3085 1160 3140 Tarquinio
1213 3086 1425 3139 quandam
1497 3094 1712 3141 regnante
1759 3085 1995 3139 Tarquinio
2043 3087 2256 3139 quandam
2299 3085 2529 3140 mulierem,

392 3161 624 3216 mulierem,
642 3162 842 3205 nomine
857 3163 1196 3218 Amaltheam,
1217 3164 1426 3207 obtulisse
1458 3120 1464 3211 Ι
1499 3175 1610 3216 quae
1640 3177 1692 3205 se
1722 3163 1958 3206 malteam
1995 3165 2212 3218 diceret,
2248 3162 2459 3206 obtulisse
2489 3165 2529 3206 ei
