2950 3712
1371 254 1430 302 1³1

330 413 546 464 mutatur-⁴
577 410 840 466 „Scripsisse
867 410 1038 452 videtm·
1062 409 1242 454 Servius.
1263 408 1326 461 ,In
1354 421 1462 454 sano
1492 407 1602 449 enim
1632 405 1819 464 corpore
1840 406 1935 448 alia
1962 409 2037 446 est
2060 403 2277 446 vivacitas
2296 400 2465 451 mentis,

333 502 481 545 quam
516 489 559 531 in
595 501 752 544 aegro3
793 487 962 544 pigrior
1001 484 1586 538 animumn-invalido,-
1620 484 1875 527 i'nterdum
1918 481 2048 548 etiam
2087 480 2260 523 ratione
2301 491 2471 530 carens,

334 569 394 614 ut‘
423 579 459 608 e.
490 578 531 619 q.
554 580 588 609 s.
800 597 806 601 .
873 579 875 581 ·
983 595 988 606 ι
1809 582 1812 585 -

533 657 558 684 v
600 642 692 685 752.
749 640 922 684 Servius
951 639 1188 694 Vergilium
1223 652 1260 679 v.
1298 638 1483 680 724—51
1514 637 1558 679 id
1585 636 1729 693 egisse
1757 636 1874 688 dicit,
1908 640 1957 677 ut
1984 635 2041 678 ad
2068 634 2359 676 laudationem
2386 633 2472 676 Ro·

334 735 553 770 manorum
585 725 643 763 -et
683 718 917 776 praecipue
962 717 1147 773 Augusti
1194 716 1425 759 transitum
1468 720 1658 771 pararet.
1727 713 1850 768 ,Nam
1898 713 1969 766 qui
2015 698 2129 756 ,bene
2178 713 2469 765 considerant,

259 786 264 791 ¹
333 799 554 848 inveniunt
589 797 841 852 (invenimus
879 795 957 848 G),¹
981 807 1149 836 omnem
1182 793 1422 835 Romanam
1466 792 1688 834 historiam
1724 793 1778 833 ab
1814 793 1990 832 Aeneae
2023 791 2212 832 adventu
2247 802 2380 841 usque
2414 778 2470 831 ad

334 889 413 918 sua
448 879 645 929 tempora
679 873 915 915 summatim
945 871 1200 915 celebrasse
1235 869 1461 924 Virgilium
1497 869 1754 924 (Vergilium
1791 868 1858 919 Ο).
1917 867 2044 918 Quod
2075 867 2175 909 ideo
2208 867 2469 918 latet,..quia

339 953 542 998 confusus
571 956 641 993 est
669 951 791 994 ordo.
847 948 955 991 Nam
990 949 1159 990 eversio
1193 947 1260 989 nii
1297 952 1343 987 et
1370 948 1545 993 Aeneae
1575 960 1746 989 errores
1782 947 1961 996 (erroris
1992 945 2102 997 ΡΟ),
2139 945 2348 987 adventus
2382 944 2471 997 (ad-

332 1034 504 1074 ventum
525 1028 622 1082 ΡΟ)
640 1026 895 1079 „bellumque
924 1024 1154 1072 manifesta
1181 1027 1300 1066 sunt:
1329 1023 1524 1066 Albanos
1554 1023 1754 1078 (albanus
1780 1023 1878 1073 ΡΟ)
1908 1035 2050 1078 reges,
2077 1021 2470 1071 Romanos-etiam,

336 1106 622 1159 consulesque
651 1106 958 1147 commemorat
985 1104 1361 1155 (commemoratus
1390 1103 1434 1153 S,
1465 1111 1547 1153 que
1577 1104 1883 1143 commemorat
1910 1114 1987 1142 om.
2006 1100 2066 1149 R,-
2093 1098 2315 1142 Romanos
2343 1097 2473 1139 etiam

335 1183 533 1228 eonsules
563 1195 671 1235 quos
697 1184 1003 1223 commemorat
1030 1179 1176 1233 02:190)
1203 1178 1378 1224 Brutum
1399 1181 1577 1234 (serae'pei,
1594 1180 1753 1223 Brutus
1775 1178 1905 1232 SPB,
1933 1178 2094 1223 Brutos
2112 1175 2224 1230 Rc),
2245 1174 2469 1227 Catonem,

342 1262 594 1313 Gaesarem,
636 1260 891 1313 Augustum
936 1262 981 1299 et
1022 1256 1155 1300 multa
1196 1256 1251 1299 ad
1296 1255 1517 1299 historiam
1558 1256 1817 1307 (Romanam
1859 1257 1962 1299 add.
2007 1257 2054 1298 S!
2101 1254 2364 1311 pertinentia
2403 1251 2472 1294 hic

339 1338 501 1383 iudicat
527 1336 676 1379 locus!

538 1429 573 1456 v.
612 1413 703 1456 767.
761 1412 908 1455 Verba
945 1425 1055 1465 quae
1096 1417 1194 1454 sunt
1229 1410 1522 1465 ,duodecimus
1557 1410 1648 1453 fuit.
1711 1413 1769 1455 Et
1803 1412 1960 1468 Capys‘
1996 1425 2151 1455 moneo
2193 1425 2217 1452 e
2254 1411 2473 1454 codicibus

340 1505 455 1534 saec.
483 1490 567 1533 XV
598 1490 855 1544 deprompta
884 1501 993 1530 esse.

534 1581 571 1608 v.
608 1566 690 1607 770
723 1566 871 1607 nescio
907 1580 962 1607 an
996 1565 1133 1608 Servii
1165 1565 1251 1606 sint
1286 1578 1397 1617 quae
1435 1565 1517 1607 ΡΟ
1550 1565 1781 1606 exhibeant
1817 1564 1985 1616 ‚Refert
2017 1569 2159 1606 autem
2188 1565 2245 1605 ad
2272 1571 2471 1618 tutorem,

340 1644 410 1697 qui
439 1643 528 1686 eius
557 1642 714 1685 invasit
740 1642 985 1698 imperium!
1042 1640 1338 1696 Sangallensis
1368 1640 1503 1683 habet
1537 1640 1735 1697 ,Recepit
1768 1645 1909 1683 autem
1946 1655 1973 1684 a
2009 1643 2179 1695 tutore,‘
2213 1641 2472 1698 Reginensis

337 1720 585 1775 ‚Receperit
613 1733 640 1761 a
668 1721 838 1761 tutore.‘
894 1719 944 1760 ln
971 1719 1023 1761 iis
1053 1730 1162 1771 quae
1192 1723 1428 1778 sequuntur
1456 1718 1559 1771 ,LII‘
1590 1723 1658 1760 est
1686 1718 1925 1760 Cassellani
1959 1718 2184 1773 scriptura.

537 1822 573 1849 v.
603 1808 694 1850 776.
744 1806 859 1859 ,Cas
870 1811 1099 1858 trumque
1119 1806 1249 1859 lnui3
1280 1819 1363 1847 una
1392 1810 1461 1846 est
1486 1805 1530 1846 in
1556 1805 1683 1848 Italia
1711 1806 1873 1860 civitas,
1907 1806 2093 1848 castrum
2113 1803 2261 1847 novam
2289 1807 2473 1849 dicitur.‘

337 1885 409 1928 Sic
428 1885 507 1926 mei
537 1885 634 1927 libri
663 1888 827 1936 omnes,
854 1884 935 1925 nisi
965 1884 1081 1936 quod
1109 1888 1213 1938 post
1241 1883 1418 1936 ,civitas‘
1438 1882 1698 1937 Reginensis
1725 1883 1860 1926 habet
1887 1887 2063 1936 ,quae.‘-
2096 1883 2232 1936 ‚Una‘,
2263 1885 2380 1936 quod
2407 1889 2477 1926 est

347 1975 537 2004 meorum
588 1966 634 2003 et
675 1962 906 2005 Burmanni
953 1962 1157 2004 librorum
1204 1959 1492 2001 testimonium
1512 1959 1574 2014 ²⁸),
1619 1973 1772 2002 vereor
1820 1965 1865 2001 ut
1913 1960 2178 2003 Burmannus
2225 1962 2334 2003 satis*
2372 1966 2475 2016 apte

346 2039 602 2082 defenderit.
672 2039 875 2083 Heinsius
920 2040 1051 2093 ,Inua‘
1094 2037 1284 2080 Servium
1328 2037 1553 2092 scripsisse
1599 2038 1801 2090 coniecit,
1844 2037 2071 2081 Masvicius
2112 2039 2284 2092 ,Inuum‘
2328 2038 2475 2081 edidit.

340 2116 550 2169 Equidem
591 2118 700 2169 ,una‘
731 2130 878 2158 vocem
916 2115 1143 2157 delendam
1178 2127 1275 2156 esse
1310 2120 1428 2168 puto,
1466 2115 1621 2169 quippe
1659 2127 1767 2167 quae
1803 2129 1855 2157 ex
1888 2116 2007 2168 ,Inui‘
2043 2117 2213 2158 nomine
2247 2117 2476 2171 perperam

348 2192 537 2248 repetito
574 2198 672 2236 orta
708 2206 805 2236 esse
836 2192 1039 2234 videatur.
1085 2193 1221 2244 ,quae‘
1252 2196 1392 2232 autem
1422 2203 1446 2233 e
1479 2190 1714 2246 Reginensi
1742 2192 2031 2247 recipiendum
2062 2205 2158 2235 esse
2188 2193 2313 2235 duco.
2362 2191 2482 2243 Quae

342 2274 578 2322 sequuntur
606 2269 667 2312 sic
697 2270 860 2325 scripta
888 2273 987 2312 sunt
1013 2268 1056 2309 in
1084 2267 1221 2310 libris:
1253 2267 1331 2319 ,De
1361 2266 1441 2309 hac
1469 2271 1632 2319 (autem
1660 2270 1761 2311 add.
1794 2269 1891 2321 Rc)
1928 2271 1990 2313 ait
2028 2271 2216 2313 Castrum
2255 2270 2349 2311 Inui
2380 2270 2406 2312 i.
2437 2284 2474 2312 e.

340 2344 501 2395 Panos,
532 2345 602 2397 qui
630 2345 717 2387 illic
747 2345 914 2387 colitur.
970 2345 1099 2385 Inuus
1135 2348 1277 2385 autem
1311 2343 1444 2384 latine
1479 2345 1735 2399 appellatur,
1770 2360 1927 2400 graece
1956 2344 2065 2388 Πάν.
2123 2347 2230 2388 Item
2256 2342 2477 2402 Ἐφιάλτης

342 2420 527 2473 (efialtes
563 2422 676 2474 ubre)
718 2436 888 2476 graece,
924 2422 1057 2464 latine
1091 2421 1254 2463 Incubo
1291 2419 1493 2472 (incubus
1531 2423 1574 2463 S.
1631 2423 1762 2466 latine
1798 2425 1852 2464 ab
1889 2420 2173 2466 incumbendo
2202 2423 2366 2467 Incubo
2397 2423 2477 2476 R),-

341 2497 454 2539 idem
481 2497 672 2551 Faunus,
715 2500 826 2540 idem
864 2499 1052 2553 (Faunus
1086 2499 1197 2540 idem
1228 2513 1305 2538 om.
1342 2499 1398 2547 P)
1428 2498 1590 2541 Fatuus
1630 2500 1805 2553 (fatulus
1846 2503 1910 2554 S),
1939 2499 2160 2542 Fatuellus
2188 2499 2393 2555 (fatuclus
2432 2503 2476 2555 S,

343 2576 515 2618 fatudus
547 2576 601 2629 R,
637 2576 850 2617 fatuculus
891 2577 938 2630 C,
974 2577 1146 2619 fatuelis
1182 2576 1251 2630 P).
1317 2575 1492 2615 Dicitur·
1516 2582 1657 2617 autem
1690 2578 1816 2619 Inuus
1852 2579 1907 2620 ab
1949 2578 2136 2619 ineundo
2178 2578 2341 2632 passim
2383 2592 2476 2621 cum

347 2653 541 2695 omnibus
571 2652 836 2704 animalibus,
866 2655 977 2695 unde
1008 2660 1053 2694 et
1079 2653 1241 2695 Incubo
1272 2653 1452 2694 dicitur.‘
1529 2667 1531 2669 ¹

546 2745 581 2770 v.
612 2730 704 2771 793.
762 2729 897 2771 Servii
932 2731 1042 2773 haec
1077 2744 1172 2773 esse
1209 2730 1421 2771 videntur:
1466 2729 1597 2780 ,Divi
1633 2743 1812 2784 genus3
1849 2731 2069 2781 Caesaris,
2113 2731 2184 2783 qui
2225 2731 2366 2773 factus
2408 2738 2477 2774 est

347 2807 466 2849 deus.
523 2807 669 2851 Genus
708 2811 806 2860 (om.
845 2808 902 2860 R)
932 2813 1075 2851 autem
1109 2808 1214 2851 dicit
1247 2820 1334 2848 uon
1370 2805 1507 2848 solum
1539 2808 1629 2848 iure
1666 2808 1927 2863 adoptionis,
1964 2808 2042 2849 sed
2076 2807 2206 2849 etiam
2244 2809 2341 2861 (om.
2380 2810 2476 2863 ΟΡ)

346 2885 744 2941 consanguinitatis.
801 2885 910 2927 Nam
938 2887 1065 2928 Atiae
1095 2888 1260 2940 (acciae
1291 2885 1343 2932 R,
1376 2885 1573 2928 octaviae
1607 2886 1699 2940 ΟΡ)
1727 2886 1807 2927 fuit
1833 2884 1956 2938 filius,
1987 2887 2132 2941 (vulgo
2166 2887 2340 2930 addit-n
2368 2900 2477 2941 quae

344 2961 433 3004 filia
466 2962 629 3016 Juliae)
667 2974 776 3015 quae
811 2968 907 3005 erat
941 2978 1068 3006 soror
1103 2965 1250 3018 (socer
1286 2965 1340 3015 Ρ)
1378 2963 1592 3006 Caesaris.
1656 2963 1738 3006 Hic
1774 2968 1916 3006 autem
1950 2966 2170 3020 Augustus
2200 2964 2365 3007 Caesar
2392 2965 2475 3008 hoc

544 3119 581 3163 ἱὓ)
626 3120 774 3161 Lionus,
797 3119 858 3164 qui
883 3120 1082 3155 Burmanni
1101 3121 1212 3155 libros
1235 3121 1305 3161 ,ita‘
1339 3121 1509 3155 exhibere
1532 3120 1630 3161 dixit,
1655 3119 1924 3155 adnotationem
1948 3121 2145 3156 Burmanni
2170 3131 2242 3156 non
2269 3121 2451 3156 intellexit.
