<?xml version="1.0" encoding="UTF-8"?>
<!DOCTYPE html PUBLIC "-//W3C//DTD XHTML 1.0 Transitional//EN"
    "http://www.w3.org/TR/xhtml1/DTD/xhtml1-transitional.dtd">
<html xmlns="http://www.w3.org/1999/xhtml" xml:lang="en" lang="en">
 <head>
  <title>
</title>
<meta http-equiv="Content-Type" content="text/html;charset=utf-8" />
  <meta name='ocr-system' content='tesseract 3.04.00' />
  <meta name='ocr-capabilities' content='ocr_page ocr_carea ocr_par ocr_line ocrx_word'/>
</head>
<body>
  <div class='ocr_page' id='page_1' title='image "4766160_0017.png"; bbox 0 0 2950 3712; ppageno 0'>
   <div class='ocr_carea' id='block_1_1' title="bbox 349 242 2500 2000">
    <p class='ocr_par' dir='ltr' id='par_1_1' title="bbox 353 242 2500 681">
     <span class='ocr_line' id='line_1_1' title="bbox 1395 242 1452 288; baseline 0 0"><span class='ocrx_word' id='word_1_1' title='bbox 1395 242 1452 288; x_wconf 88' lang='lat' dir='ltr'><strong>ll</strong></span> 
     </span>
     <span class='ocr_line' id='line_1_2' title="bbox 354 392 2500 451; baseline -0 -10"><span class='ocrx_word' id='word_1_2' title='bbox 354 402 500 442; x_wconf 76' lang='lat' dir='ltr'><strong>autem</strong></span> <span class='ocrx_word' id='word_1_3' title='bbox 526 396 634 440; x_wconf 78' lang='lat' dir='ltr'><strong>illud</strong></span> <span class='ocrx_word' id='word_1_4' title='bbox 660 395 868 439; x_wconf 83' lang='lat' dir='ltr'><strong>non-eius</strong></span> <span class='ocrx_word' id='word_1_5' title='bbox 896 408 993 439; x_wconf 86' lang='lat' dir='ltr'><strong>esse</strong></span> <span class='ocrx_word' id='word_1_6' title='bbox 1031 395 1210 448; x_wconf 78' lang='lat' dir='ltr'><strong>videtur,</strong></span> <span class='ocrx_word' id='word_1_7' title='bbox 1245 393 1317 449; x_wconf 91' lang='lat' dir='ltr'><strong>qui</strong></span> <span class='ocrx_word' id='word_1_8' title='bbox 1343 392 1536 437; x_wconf 74' lang='lat' dir='ltr'><strong>Servium</strong></span> <span class='ocrx_word' id='word_1_9' title='bbox 1569 394 1880 450; x_wconf 80' lang='lat' dir='ltr'><strong>interpretatus</strong></span> <span class='ocrx_word' id='word_1_10' title='bbox 1914 399 1994 448; x_wconf 89' lang='lat' dir='ltr'><strong>est,</strong></span> <span class='ocrx_word' id='word_1_11' title='bbox 2023 394 2103 436; x_wconf 80' lang='lat' dir='ltr'><strong>sed</strong></span> <span class='ocrx_word' id='word_1_12' title='bbox 2131 394 2236 448; x_wconf 87' lang='lat' dir='ltr'><strong>eius,</strong></span> <span class='ocrx_word' id='word_1_13' title='bbox 2274 396 2344 451; x_wconf 81' lang='lat' dir='ltr'><strong>qui</strong></span> <span class='ocrx_word' id='word_1_14' title='bbox 2375 396 2500 440; x_wconf 87' lang='lat' dir='ltr'><strong>huius</strong></span> 
     </span>
     <span class='ocr_line' id='line_1_3' title="bbox 353 470 2493 531; baseline -0 -13"><span class='ocrx_word' id='word_1_15' title='bbox 353 474 604 531; x_wconf 72' lang='lat' dir='ltr'><strong>interpretis</strong></span> <span class='ocrx_word' id='word_1_16' title='bbox 645 474 797 526; x_wconf 83' lang='lat' dir='ltr'><strong>verba,</strong></span> <span class='ocrx_word' id='word_1_17' title='bbox 839 482 950 528; x_wconf 86' lang='lat' dir='ltr'><strong>quae</strong></span> <span class='ocrx_word' id='word_1_18' title='bbox 991 471 1181 515; x_wconf 75' lang='lat' dir='ltr'><strong>fortasse</strong></span> <span class='ocrx_word' id='word_1_19' title='bbox 1220 471 1264 513; x_wconf 90' lang='lat' dir='ltr'><strong>in</strong></span> <span class='ocrx_word' id='word_1_20' title='bbox 1298 471 1490 526; x_wconf 77' lang='lat' dir='ltr'><strong>margine</strong></span> <span class='ocrx_word' id='word_1_21' title='bbox 1523 470 1703 513; x_wconf 85' lang='lat' dir='ltr'><strong>alicuius</strong></span> <span class='ocrx_word' id='word_1_22' title='bbox 1745 470 1841 512; x_wconf 81' lang='lat' dir='ltr'>libri</span> <span class='ocrx_word' id='word_1_23' title='bbox 1884 471 2050 527; x_wconf 81' lang='lat' dir='ltr'><strong>scripta</strong></span> <span class='ocrx_word' id='word_1_24' title='bbox 2092 474 2239 524; x_wconf 81' lang='lat' dir='ltr'><strong>erant,</strong></span> <span class='ocrx_word' id='word_1_25' title='bbox 2274 472 2493 517; x_wconf 84' lang='lat' dir='ltr'><strong>Servianis</strong></span> 
     </span>
     <span class='ocr_line' id='line_1_4' title="bbox 354 547 2500 603; baseline -0.001 -8"><span class='ocrx_word' id='word_1_26' title='bbox 354 551 533 595; x_wconf 78' lang='lat' dir='ltr'><strong>addidit.</strong></span> <span class='ocrx_word' id='word_1_27' title='bbox 591 550 791 593; x_wconf 82' lang='lat' dir='ltr'><strong>Ceterum</strong></span> <span class='ocrx_word' id='word_1_28' title='bbox 819 548 892 591; x_wconf 87' lang='lat' dir='ltr'><strong>ille</strong></span> <span class='ocrx_word' id='word_1_29' title='bbox 922 548 992 603; x_wconf 90' lang='lat' dir='ltr'><strong>qui</strong></span> <span class='ocrx_word' id='word_1_30' title='bbox 1027 547 1136 590; x_wconf 78' lang='lat' dir='ltr'><strong>haec</strong></span> <span class='ocrx_word' id='word_1_31' title='bbox 1163 548 1338 603; x_wconf 83' lang='lat' dir='ltr'><strong>scripsit</strong></span> <span class='ocrx_word' id='word_1_32' title='bbox 1371 548 1429 589; x_wconf 84' lang='lat' dir='ltr'><strong>ab</strong></span> <span class='ocrx_word' id='word_1_33' title='bbox 1463 547 1641 602; x_wconf 83' lang='lat' dir='ltr'><strong>obliqua</strong></span> <span class='ocrx_word' id='word_1_34' title='bbox 1677 548 1890 600; x_wconf 79' lang='lat' dir='ltr'><strong>oratione,</strong></span> <span class='ocrx_word' id='word_1_35' title='bbox 1925 561 2011 601; x_wconf 87' lang='lat' dir='ltr'><strong>qua</strong></span> <span class='ocrx_word' id='word_1_36' title='bbox 2044 561 2145 590; x_wconf 87' lang='lat' dir='ltr'><strong>usus</strong></span> <span class='ocrx_word' id='word_1_37' title='bbox 2181 549 2288 590; x_wconf 82' lang='lat' dir='ltr'><strong>dixit</strong></span> <span class='ocrx_word' id='word_1_38' title='bbox 2323 562 2433 602; x_wconf 88' lang='lat' dir='ltr'><strong>,nam</strong></span> <span class='ocrx_word' id='word_1_39' title='bbox 2463 552 2500 593; x_wconf 92' lang='lat' dir='ltr'><strong>si</strong></span> 
     </span>
     <span class='ocr_line' id='line_1_5' title="bbox 353 625 1283 681; baseline -0.009 -7"><span class='ocrx_word' id='word_1_40' title='bbox 353 629 410 673; x_wconf 87' lang='lat' dir='ltr'><strong>de</strong></span> <span class='ocrx_word' id='word_1_41' title='bbox 439 630 590 673; x_wconf 79' lang='lat' dir='ltr'><strong>Aenea</strong></span> <span class='ocrx_word' id='word_1_42' title='bbox 617 628 779 671; x_wconf 85' lang='lat' dir='ltr'><strong>dicat‘</strong></span> <span class='ocrx_word' id='word_1_43' title='bbox 808 639 895 668; x_wconf 93' lang='lat' dir='ltr'><strong>non</strong></span> <span class='ocrx_word' id='word_1_44' title='bbox 925 625 1076 668; x_wconf 80' lang='lat' dir='ltr'><strong>debuit</strong></span> <span class='ocrx_word' id='word_1_45' title='bbox 1101 625 1283 681; x_wconf 79' lang='lat' dir='ltr'><strong>digredi.</strong></span> 
     </span>
    </p>

    <p class='ocr_par' dir='ltr' id='par_1_2' title="bbox 349 702 2499 2000">
     <span class='ocr_line' id='line_1_6' title="bbox 555 702 2499 759; baseline -0.001 -12"><span class='ocrx_word' id='word_1_46' title='bbox 555 719 593 747; x_wconf 81' lang='lat' dir='ltr'><strong>v.</strong></span> <span class='ocrx_word' id='word_1_47' title='bbox 631 705 719 748; x_wconf 71' lang='lat'><strong>154.</strong></span> <span class='ocrx_word' id='word_1_48' title='bbox 737 705 781 757; x_wconf 69' lang='lat'><strong>’)</strong></span> <span class='ocrx_word' id='word_1_49' title='bbox 839 704 1184 756; x_wconf 57' lang='lat' dir='ltr'><strong>,Quae-*inventa</strong></span> <span class='ocrx_word' id='word_1_50' title='bbox 1217 708 1375 758; x_wconf 87' lang='lat' dir='ltr'><strong>postea</strong></span> <span class='ocrx_word' id='word_1_51' title='bbox 1410 715 1503 743; x_wconf 91' lang='lat' dir='ltr'><strong>cum</strong></span> <span class='ocrx_word' id='word_1_52' title='bbox 1540 702 1725 756; x_wconf 88' lang='lat' dir='ltr'><strong>sepelire</strong></span> <span class='ocrx_word' id='word_1_53' title='bbox 1762 703 1910 754; x_wconf 85' lang='lat' dir='ltr'><strong>vellet,</strong></span> <span class='ocrx_word' id='word_1_54' title='bbox 1947 703 2083 759; x_wconf 85' lang='lat' dir='ltr'><strong>elegit</strong></span> <span class='ocrx_word' id='word_1_55' title='bbox 2117 705 2282 746; x_wconf 80' lang='lat' dir='ltr'><strong>vicinae</strong></span> <span class='ocrx_word' id='word_1_56' title='bbox 2325 704 2499 759; x_wconf 88' lang='lat' dir='ltr'><strong>paludis</strong></span> 
     </span>
     <span class='ocr_line' id='line_1_7' title="bbox 355 779 2499 835; baseline -0 -10"><span class='ocrx_word' id='word_1_57' title='bbox 355 783 608 826; x_wconf 82' lang='lat' dir='ltr'><strong>tutissimum</strong></span> <span class='ocrx_word' id='word_1_58' title='bbox 638 782 791 833; x_wconf 88' lang='lat' dir='ltr'><strong>locum,</strong></span> <span class='ocrx_word' id='word_1_59' title='bbox 827 793 953 835; x_wconf 87' lang='lat' dir='ltr'><strong>quem</strong></span> <span class='ocrx_word' id='word_1_60' title='bbox 986 781 1171 821; x_wconf 84' lang='lat' dir='ltr'><strong>transitu</strong></span> <span class='ocrx_word' id='word_1_61' title='bbox 1207 784 1382 821; x_wconf 86' lang='lat' dir='ltr'><strong>constat</strong></span> <span class='ocrx_word' id='word_1_62' title='bbox 1414 791 1511 820; x_wconf 87' lang='lat' dir='ltr'><strong>esse</strong></span> <span class='ocrx_word' id='word_1_63' title='bbox 1540 779 1782 821; x_wconf 62' lang='lat' dir='ltr'><strong>difficilem}</strong></span> <span class='ocrx_word' id='word_1_64' title='bbox 1840 780 2050 834; x_wconf 76' lang='lat' dir='ltr'><strong>Loquitur</strong></span> <span class='ocrx_word' id='word_1_65' title='bbox 2082 780 2256 823; x_wconf 84' lang='lat' dir='ltr'><strong>Servius</strong></span> <span class='ocrx_word' id='word_1_66' title='bbox 2292 782 2347 823; x_wconf 91' lang='lat' dir='ltr'><strong>de</strong></span> <span class='ocrx_word' id='word_1_67' title='bbox 2382 782 2499 824; x_wconf 89' lang='lat' dir='ltr'><strong>Iside</strong></span> 
     </span>
     <span class='ocr_line' id='line_1_8' title="bbox 355 854 2494 915; baseline -0.001 -11"><span class='ocrx_word' id='word_1_68' title='bbox 355 860 540 904; x_wconf 74' lang='lat' dir='ltr'><strong>Osiridis</strong></span> <span class='ocrx_word' id='word_1_69' title='bbox 568 859 764 914; x_wconf 86' lang='lat' dir='ltr'><strong>coniugis</strong></span> <span class='ocrx_word' id='word_1_70' title='bbox 793 858 983 900; x_wconf 87' lang='lat' dir='ltr'><strong>membra</strong></span> <span class='ocrx_word' id='word_1_71' title='bbox 1019 857 1194 901; x_wconf 83' lang='lat' dir='ltr'><strong>inventa</strong></span> <span class='ocrx_word' id='word_1_72' title='bbox 1229 854 1481 912; x_wconf 88' lang='lat' dir='ltr'><strong>sepeliente.</strong></span> <span class='ocrx_word' id='word_1_73' title='bbox 1540 869 1674 911; x_wconf 90' lang='lat' dir='ltr'><strong>,quem</strong></span> <span class='ocrx_word' id='word_1_74' title='bbox 1709 856 1905 899; x_wconf 85' lang='lat' dir='ltr'><strong>transitu‘</strong></span> <span class='ocrx_word' id='word_1_75' title='bbox 1941 855 2126 900; x_wconf 87' lang='lat' dir='ltr'><strong>Parisini</strong></span> <span class='ocrx_word' id='word_1_76' title='bbox 2162 858 2378 915; x_wconf 87' lang='lat' dir='ltr'><strong>scriptura</strong></span> <span class='ocrx_word' id='word_1_77' title='bbox 2413 863 2494 911; x_wconf 90' lang='lat' dir='ltr'><strong>est,</strong></span> 
     </span>
     <span class='ocr_line' id='line_1_9' title="bbox 352 926 2497 1002; baseline -0 -23"><span class='ocrx_word' id='word_1_78' title='bbox 352 936 614 997; x_wconf 76' lang='lat' dir='ltr'><strong>Reginensis</strong></span> <span class='ocrx_word' id='word_1_79' title='bbox 642 936 781 978; x_wconf 86' lang='lat' dir='ltr'><strong>habet</strong></span> <span class='ocrx_word' id='word_1_80' title='bbox 797 928 894 990; x_wconf 66' lang='lat' dir='ltr'><strong>,qui-1</strong></span> <span class='ocrx_word' id='word_1_81' title='bbox 929 926 1144 985; x_wconf 67' lang='lat' dir='ltr'><strong>transit&#39;u‘,</strong></span> <span class='ocrx_word' id='word_1_82' title='bbox 1179 932 1476 987; x_wconf 76' lang='lat' dir='ltr'><strong>sangallensis</strong></span> <span class='ocrx_word' id='word_1_83' title='bbox 1512 948 1649 987; x_wconf 91' lang='lat' dir='ltr'><strong>,quam</strong></span> <span class='ocrx_word' id='word_1_84' title='bbox 1684 948 1711 976; x_wconf 88' lang='lat' dir='ltr'><strong>a</strong></span> <span class='ocrx_word' id='word_1_85' title='bbox 1740 935 1951 1002; x_wconf 64' lang='lat' dir='ltr'><strong>transituf</strong></span> <span class='ocrx_word' id='word_1_86' title='bbox 2007 933 2291 978; x_wconf 90' lang='lat' dir='ltr'><strong>Scribendum</strong></span> <span class='ocrx_word' id='word_1_87' title='bbox 2326 936 2497 980; x_wconf 83' lang='lat' dir='ltr'><strong>videtur</strong></span> 
     </span>
     <span class='ocr_line' id='line_1_10' title="bbox 353 1010 2495 1069; baseline 0 -14"><span class='ocrx_word' id='word_1_88' title='bbox 353 1027 453 1068; x_wconf 91' lang='lat' dir='ltr'><strong>,qua</strong></span> <span class='ocrx_word' id='word_1_89' title='bbox 488 1014 741 1056; x_wconf 84' lang='lat' dir='ltr'><strong>transitum‘</strong></span> <span class='ocrx_word' id='word_1_90' title='bbox 804 1012 967 1053; x_wconf 79' lang='lat' dir='ltr'><strong>Ibidem</strong></span> <span class='ocrx_word' id='word_1_91' title='bbox 1007 1011 1197 1063; x_wconf 83' lang='lat' dir='ltr'><strong>,Lectum</strong></span> <span class='ocrx_word' id='word_1_92' title='bbox 1232 1015 1301 1052; x_wconf 89' lang='lat' dir='ltr'><strong>est</strong></span> <span class='ocrx_word' id='word_1_93' title='bbox 1333 1011 1482 1062; x_wconf 87' lang='lat' dir='ltr'><strong>etiam,</strong></span> <span class='ocrx_word' id='word_1_94' title='bbox 1517 1012 1633 1064; x_wconf 89' lang='lat' dir='ltr'><strong>quod</strong></span> <span class='ocrx_word' id='word_1_95' title='bbox 1668 1011 1790 1053; x_wconf 81' lang='lat' dir='ltr'><strong>vicini</strong></span> <span class='ocrx_word' id='word_1_96' title='bbox 1826 1010 1943 1063; x_wconf 84' lang='lat' dir='ltr'><strong>(hinc</strong></span> <span class='ocrx_word' id='word_1_97' title='bbox 1977 1013 2080 1054; x_wconf 70' lang='lat' dir='ltr'><strong>«ela.</strong></span> <span class='ocrx_word' id='word_1_98' title='bbox 2112 1013 2163 1061; x_wconf 74' lang='lat' dir='ltr'><strong>P;</strong></span> <span class='ocrx_word' id='word_1_99' title='bbox 2199 1015 2320 1069; x_wconf 68' lang='lat' dir='ltr'><strong>quod</strong></span> <span class='ocrx_word' id='word_1_100' title='bbox 2352 1029 2495 1069; x_wconf 69' lang='lat' dir='ltr'><strong>super·</strong></span> 
     </span>
     <span class='ocr_line' id='line_1_11' title="bbox 351 1087 2496 1147; baseline 0.001 -13"><span class='ocrx_word' id='word_1_101' title='bbox 351 1107 528 1136; x_wconf 69' lang='lat' dir='ltr'><strong>vume-</strong></span> <span class='ocrx_word' id='word_1_102' title='bbox 569 1097 630 1134; x_wconf 72' lang='lat' dir='ltr'><strong>est</strong></span> <span class='ocrx_word' id='word_1_103' title='bbox 668 1096 711 1133; x_wconf 74' lang='lat' dir='ltr'><strong>et</strong></span> <span class='ocrx_word' id='word_1_104' title='bbox 737 1096 837 1147; x_wconf 73' lang='lat' dir='ltr'><strong>post</strong></span> <span class='ocrx_word' id='word_1_105' title='bbox 883 1102 1054 1131; x_wconf 88' lang='lat' dir='ltr'><strong>suorum</strong></span> <span class='ocrx_word' id='word_1_106' title='bbox 1093 1088 1303 1132; x_wconf 71' lang='lat' dir='ltr'><strong>coeloe-n·</strong></span> <span class='ocrx_word' id='word_1_107' title='bbox 1338 1088 1503 1141; x_wconf 72' lang='lat' dir='ltr'><strong>debuit)</strong></span> <span class='ocrx_word' id='word_1_108' title='bbox 1546 1087 1692 1144; x_wconf 88' lang='lat' dir='ltr'><strong>populi</strong></span> <span class='ocrx_word' id='word_1_109' title='bbox 1736 1088 1951 1131; x_wconf 88' lang='lat' dir='ltr'><strong>cadavera</strong></span> <span class='ocrx_word' id='word_1_110' title='bbox 1993 1103 2164 1133; x_wconf 90' lang='lat' dir='ltr'><strong>suorum</strong></span> <span class='ocrx_word' id='word_1_111' title='bbox 2213 1092 2268 1134; x_wconf 89' lang='lat' dir='ltr'><strong>ad</strong></span> <span class='ocrx_word' id='word_1_112' title='bbox 2313 1091 2496 1136; x_wconf 85' lang='lat' dir='ltr'><strong>alteram</strong></span> 
     </span>
     <span class='ocr_line' id='line_1_12' title="bbox 358 1165 2497 1226; baseline 0.001 -14"><span class='ocrx_word' id='word_1_113' title='bbox 358 1171 581 1226; x_wconf 79' lang='lat' dir='ltr'><strong>regionem</strong></span> <span class='ocrx_word' id='word_1_114' title='bbox 610 1169 877 1212; x_wconf 80' lang='lat' dir='ltr'><strong>transferunt</strong></span> <span class='ocrx_word' id='word_1_115' title='bbox 903 1167 1162 1221; x_wconf 84' lang='lat' dir='ltr'><strong>(transferat</strong></span> <span class='ocrx_word' id='word_1_116' title='bbox 1190 1167 1263 1220; x_wconf 82' lang='grc' dir='ltr'><strong>Ρ);</strong></span> <span class='ocrx_word' id='word_1_117' title='bbox 1300 1167 1377 1208; x_wconf 90' lang='lat' dir='ltr'><strong>sed</strong></span> <span class='ocrx_word' id='word_1_118' title='bbox 1411 1167 1446 1209; x_wconf 92' lang='lat' dir='ltr'><strong>si</strong></span> <span class='ocrx_word' id='word_1_119' title='bbox 1483 1167 1552 1221; x_wconf 89' lang='lat' dir='ltr'><strong>qui</strong></span> <span class='ocrx_word' id='word_1_120' title='bbox 1589 1167 1703 1221; x_wconf 89' lang='lat' dir='ltr'><strong>(quis</strong></span> <span class='ocrx_word' id='word_1_121' title='bbox 1733 1166 1789 1219; x_wconf 74' lang='lat'><strong>12)</strong></span> <span class='ocrx_word' id='word_1_122' title='bbox 1824 1165 1938 1208; x_wconf 83' lang='lat' dir='ltr'><strong>forte</strong></span> <span class='ocrx_word' id='word_1_123' title='bbox 1973 1168 2015 1209; x_wconf 91' lang='lat' dir='ltr'><strong>in</strong></span> <span class='ocrx_word' id='word_1_124' title='bbox 2051 1168 2176 1212; x_wconf 88' lang='lat' dir='ltr'><strong>fluvio</strong></span> <span class='ocrx_word' id='word_1_125' title='bbox 2214 1177 2379 1226; x_wconf 88' lang='lat' dir='ltr'><strong>pereat,</strong></span> <span class='ocrx_word' id='word_1_126' title='bbox 2415 1185 2497 1214; x_wconf 89' lang='lat' dir='ltr'><strong>nec</strong></span> 
     </span>
     <span class='ocr_line' id='line_1_13' title="bbox 359 1242 2495 1300; baseline 0 -10"><span class='ocrx_word' id='word_1_127' title='bbox 359 1247 450 1291; x_wconf 91' lang='lat' dir='ltr'><strong>eius</strong></span> <span class='ocrx_word' id='word_1_128' title='bbox 476 1247 717 1289; x_wconf 78' lang='lat' dir='ltr'><strong>inveniatur</strong></span> <span class='ocrx_word' id='word_1_129' title='bbox 745 1246 944 1298; x_wconf 82' lang='lat' dir='ltr'><strong>cadaver,</strong></span> <span class='ocrx_word' id='word_1_130' title='bbox 972 1249 1077 1300; x_wconf 89' lang='lat' dir='ltr'><strong>post</strong></span> <span class='ocrx_word' id='word_1_131' title='bbox 1104 1248 1270 1288; x_wconf 88' lang='lat' dir='ltr'><strong>centum</strong></span> <span class='ocrx_word' id='word_1_132' title='bbox 1309 1244 1348 1286; x_wconf 92' lang='lat' dir='ltr'><strong>ei</strong></span> <span class='ocrx_word' id='word_1_133' title='bbox 1377 1256 1515 1286; x_wconf 88' lang='lat' dir='ltr'><strong>annos</strong></span> <span class='ocrx_word' id='word_1_134' title='bbox 1549 1242 1698 1285; x_wconf 88' lang='lat' dir='ltr'><strong>ultima</strong></span> <span class='ocrx_word' id='word_1_135' title='bbox 1731 1244 2035 1299; x_wconf 81' lang='lat' dir='ltr'><strong>persolvuntur</strong></span> <span class='ocrx_word' id='word_1_136' title='bbox 2069 1245 2237 1288; x_wconf 66' lang='lat' dir='ltr'><strong>officia!</strong></span> <span class='ocrx_word' id='word_1_137' title='bbox 2293 1247 2417 1290; x_wconf 84' lang='lat' dir='ltr'><strong>Haec</strong></span> <span class='ocrx_word' id='word_1_138' title='bbox 2451 1249 2495 1290; x_wconf 90' lang='lat' dir='ltr'><strong>in</strong></span> 
     </span>
     <span class='ocr_line' id='line_1_14' title="bbox 356 1320 2495 1381; baseline 0 -14"><span class='ocrx_word' id='word_1_139' title='bbox 356 1324 628 1381; x_wconf 80' lang='lat' dir='ltr'><strong>Sangallensi</strong></span> <span class='ocrx_word' id='word_1_140' title='bbox 657 1323 871 1379; x_wconf 80' lang='lat' dir='ltr'><strong>leguntur,</strong></span> <span class='ocrx_word' id='word_1_141' title='bbox 909 1334 1092 1376; x_wconf 89' lang='lat' dir='ltr'><strong>quocum</strong></span> <span class='ocrx_word' id='word_1_142' title='bbox 1128 1323 1347 1365; x_wconf 83' lang='lat' dir='ltr'><strong>consentit</strong></span> <span class='ocrx_word' id='word_1_143' title='bbox 1387 1321 1479 1363; x_wconf 82' lang='lat' dir='ltr'><strong>fere</strong></span> <span class='ocrx_word' id='word_1_144' title='bbox 1513 1320 1784 1375; x_wconf 85' lang='lat' dir='ltr'><strong>Reginensis,</strong></span> <span class='ocrx_word' id='word_1_145' title='bbox 1828 1322 1897 1376; x_wconf 90' lang='lat' dir='ltr'><strong>qui</strong></span> <span class='ocrx_word' id='word_1_146' title='bbox 1932 1322 2065 1365; x_wconf 86' lang='lat' dir='ltr'><strong>habet</strong></span> <span class='ocrx_word' id='word_1_147' title='bbox 2099 1329 2215 1378; x_wconf 89' lang='lat' dir='ltr'><strong>,post</strong></span> <span class='ocrx_word' id='word_1_148' title='bbox 2250 1330 2421 1368; x_wconf 88' lang='lat' dir='ltr'><strong>centum</strong></span> <span class='ocrx_word' id='word_1_149' title='bbox 2455 1327 2495 1368; x_wconf 90' lang='lat' dir='ltr'><strong>ei</strong></span> 
     </span>
     <span class='ocr_line' id='line_1_15' title="bbox 353 1397 2495 1458; baseline 0 -14"><span class='ocrx_word' id='word_1_150' title='bbox 353 1402 501 1447; x_wconf 84' lang='lat' dir='ltr'><strong>ultima</strong></span> <span class='ocrx_word' id='word_1_151' title='bbox 529 1415 665 1444; x_wconf 89' lang='lat' dir='ltr'><strong>annos</strong></span> <span class='ocrx_word' id='word_1_152' title='bbox 694 1399 1024 1456; x_wconf 78' lang='lat' dir='ltr'><strong>persolvuntur‘‚</strong></span> <span class='ocrx_word' id='word_1_153' title='bbox 1056 1412 1152 1440; x_wconf 87' lang='lat' dir='ltr'><strong>nam</strong></span> <span class='ocrx_word' id='word_1_154' title='bbox 1182 1399 1351 1452; x_wconf 86' lang='lat' dir='ltr'><strong>‚officia‘</strong></span> <span class='ocrx_word' id='word_1_155' title='bbox 1381 1399 1473 1440; x_wconf 91' lang='lat' dir='ltr'><strong>sine</strong></span> <span class='ocrx_word' id='word_1_156' title='bbox 1501 1397 1590 1439; x_wconf 91' lang='lat' dir='ltr'><strong>ullo</strong></span> <span class='ocrx_word' id='word_1_157' title='bbox 1621 1399 1860 1440; x_wconf 86' lang='lat' dir='ltr'><strong>sententiae</strong></span> <span class='ocrx_word' id='word_1_158' title='bbox 1879 1400 2136 1442; x_wconf 89' lang='lat' dir='ltr'><strong>detrimento</strong></span> <span class='ocrx_word' id='word_1_159' title='bbox 2167 1402 2304 1444; x_wconf 92' lang='lat' dir='ltr'><strong>omitti</strong></span> <span class='ocrx_word' id='word_1_160' title='bbox 2332 1407 2495 1458; x_wconf 89' lang='lat' dir='ltr'><strong>potest.</strong></span> 
     </span>
     <span class='ocr_line' id='line_1_16' title="bbox 349 1475 2497 1534; baseline 0 -12"><span class='ocrx_word' id='word_1_161' title='bbox 349 1479 555 1522; x_wconf 83' lang='lat' dir='ltr'><strong>Deterior</strong></span> <span class='ocrx_word' id='word_1_162' title='bbox 581 1478 714 1520; x_wconf 87' lang='lat' dir='ltr'><strong>multo</strong></span> <span class='ocrx_word' id='word_1_163' title='bbox 743 1475 926 1519; x_wconf 88' lang='lat' dir='ltr'><strong>Parisini</strong></span> <span class='ocrx_word' id='word_1_164' title='bbox 958 1475 1172 1528; x_wconf 82' lang='lat' dir='ltr'><strong>memoria,</strong></span> <span class='ocrx_word' id='word_1_165' title='bbox 1202 1489 1313 1531; x_wconf 91' lang='lat' dir='ltr'><strong>quae</strong></span> <span class='ocrx_word' id='word_1_166' title='bbox 1348 1475 1458 1517; x_wconf 86' lang='lat' dir='ltr'><strong>haec</strong></span> <span class='ocrx_word' id='word_1_167' title='bbox 1486 1480 1571 1517; x_wconf 88' lang='lat' dir='ltr'><strong>est:</strong></span> <span class='ocrx_word' id='word_1_168' title='bbox 1615 1480 1730 1530; x_wconf 83' lang='lat' dir='ltr'><strong>,post</strong></span> <span class='ocrx_word' id='word_1_169' title='bbox 1764 1482 1931 1518; x_wconf 89' lang='lat' dir='ltr'><strong>centum</strong></span> <span class='ocrx_word' id='word_1_170' title='bbox 1968 1477 2005 1517; x_wconf 92' lang='lat' dir='ltr'><strong>ei</strong></span> <span class='ocrx_word' id='word_1_171' title='bbox 2041 1490 2179 1520; x_wconf 87' lang='lat' dir='ltr'><strong>annos</strong></span> <span class='ocrx_word' id='word_1_172' title='bbox 2213 1481 2497 1534; x_wconf 87' lang='lat' dir='ltr'><strong>parentatur.‘</strong></span> 
     </span>
     <span class='ocr_line' id='line_1_17' title="bbox 353 1553 2492 1611; baseline 0 -11"><span class='ocrx_word' id='word_1_173' title='bbox 353 1557 619 1611; x_wconf 87' lang='lat' dir='ltr'><strong>,Parentare‘</strong></span> <span class='ocrx_word' id='word_1_174' title='bbox 655 1556 766 1598; x_wconf 89' lang='lat' dir='ltr'><strong>enim</strong></span> <span class='ocrx_word' id='word_1_175' title='bbox 800 1569 885 1598; x_wconf 89' lang='lat' dir='ltr'><strong>non</strong></span> <span class='ocrx_word' id='word_1_176' title='bbox 922 1560 991 1598; x_wconf 89' lang='lat' dir='ltr'><strong>est</strong></span> <span class='ocrx_word' id='word_1_177' title='bbox 1017 1555 1142 1610; x_wconf 88' lang='lat' dir='ltr'><strong>idem,</strong></span> <span class='ocrx_word' id='word_1_178' title='bbox 1164 1555 1291 1610; x_wconf 84' lang='lat' dir='ltr'><strong>&#39;quod</strong></span> <span class='ocrx_word' id='word_1_179' title='bbox 1328 1554 1453 1608; x_wconf 88' lang='lat' dir='ltr'><strong>,iusta</strong></span> <span class='ocrx_word' id='word_1_180' title='bbox 1486 1553 1659 1596; x_wconf 64' lang='lat' dir='ltr'><strong>facere!</strong></span> <span class='ocrx_word' id='word_1_181' title='bbox 1716 1556 1775 1596; x_wconf 86' lang='lat' dir='ltr'><strong>At</strong></span> <span class='ocrx_word' id='word_1_182' title='bbox 1802 1553 1991 1598; x_wconf 87' lang='lat' dir='ltr'><strong>Servium</strong></span> <span class='ocrx_word' id='word_1_183' title='bbox 2027 1554 2171 1597; x_wconf 84' lang='lat' dir='ltr'><strong>dicere</strong></span> <span class='ocrx_word' id='word_1_184' title='bbox 2209 1555 2410 1611; x_wconf 90' lang='lat' dir='ltr'><strong>voluisse,</strong></span> <span class='ocrx_word' id='word_1_185' title='bbox 2440 1557 2492 1600; x_wconf 89' lang='lat' dir='ltr'><strong>iis</strong></span> 
     </span>
     <span class='ocr_line' id='line_1_18' title="bbox 353 1632 2493 1691; baseline 0 -14"><span class='ocrx_word' id='word_1_186' title='bbox 353 1649 531 1691; x_wconf 89' lang='lat' dir='ltr'><strong>quorum</strong></span> <span class='ocrx_word' id='word_1_187' title='bbox 561 1647 749 1689; x_wconf 87' lang='lat' dir='ltr'><strong>corpora</strong></span> <span class='ocrx_word' id='word_1_188' title='bbox 775 1646 860 1674; x_wconf 88' lang='lat' dir='ltr'><strong>non</strong></span> <span class='ocrx_word' id='word_1_189' title='bbox 890 1638 1038 1675; x_wconf 86' lang='lat' dir='ltr'><strong>essent</strong></span> <span class='ocrx_word' id='word_1_190' title='bbox 1063 1634 1250 1686; x_wconf 87' lang='lat' dir='ltr'><strong>inventa,</strong></span> <span class='ocrx_word' id='word_1_191' title='bbox 1279 1637 1382 1688; x_wconf 87' lang='lat' dir='ltr'><strong>post</strong></span> <span class='ocrx_word' id='word_1_192' title='bbox 1408 1636 1580 1674; x_wconf 88' lang='lat' dir='ltr'><strong>centum</strong></span> <span class='ocrx_word' id='word_1_193' title='bbox 1601 1645 1738 1674; x_wconf 87' lang='lat' dir='ltr'><strong>annos</strong></span> <span class='ocrx_word' id='word_1_194' title='bbox 1768 1632 1880 1674; x_wconf 85' lang='lat' dir='ltr'><strong>iusta</strong></span> <span class='ocrx_word' id='word_1_195' title='bbox 1909 1632 2026 1675; x_wconf 86' lang='lat' dir='ltr'><strong>facta</strong></span> <span class='ocrx_word' id='word_1_196' title='bbox 2057 1645 2167 1687; x_wconf 88' lang='lat' dir='ltr'><strong>esse,</strong></span> <span class='ocrx_word' id='word_1_197' title='bbox 2192 1634 2373 1690; x_wconf 86' lang='lat' dir='ltr'><strong>Vergilii</strong></span> <span class='ocrx_word' id='word_1_198' title='bbox 2403 1648 2493 1677; x_wconf 78' lang='lat' dir='ltr'><strong>ver·</strong></span> 
     </span>
     <span class='ocr_line' id='line_1_19' title="bbox 351 1709 2486 1768; baseline -0.001 -12"><span class='ocrx_word' id='word_1_199' title='bbox 351 1712 470 1756; x_wconf 90' lang='lat' dir='ltr'><strong>sibus</strong></span> <span class='ocrx_word' id='word_1_200' title='bbox 498 1711 651 1767; x_wconf 86' lang='lat' dir='ltr'><strong>quibus</strong></span> <span class='ocrx_word' id='word_1_201' title='bbox 678 1723 779 1752; x_wconf 89' lang='lat' dir='ltr'><strong>usus</strong></span> <span class='ocrx_word' id='word_1_202' title='bbox 808 1714 888 1762; x_wconf 90' lang='lat' dir='ltr'><strong>est,</strong></span> <span class='ocrx_word' id='word_1_203' title='bbox 919 1709 988 1765; x_wconf 92' lang='lat' dir='ltr'><strong>qui</strong></span> <span class='ocrx_word' id='word_1_204' title='bbox 1018 1714 1118 1752; x_wconf 91' lang='lat' dir='ltr'><strong>sunt</strong></span> <span class='ocrx_word' id='word_1_205' title='bbox 1143 1711 1251 1752; x_wconf 81' lang='lat' dir='ltr'><strong>Aen.</strong></span> <span class='ocrx_word' id='word_1_206' title='bbox 1280 1710 1343 1751; x_wconf 89' lang='lat' dir='ltr'><strong>VI</strong></span> <span class='ocrx_word' id='word_1_207' title='bbox 1370 1709 1452 1752; x_wconf 76' lang='lat'><strong>325</strong></span> <span class='ocrx_word' id='word_1_208' title='bbox 1479 1722 1586 1764; x_wconf 89' lang='lat' dir='ltr'><strong>sqq.,</strong></span> <span class='ocrx_word' id='word_1_209' title='bbox 1615 1709 1948 1752; x_wconf 88' lang='lat' dir='ltr'><strong>demonstratur.</strong></span> <span class='ocrx_word' id='word_1_210' title='bbox 2005 1710 2054 1751; x_wconf 95' lang='lat' dir='ltr'><strong>In</strong></span> <span class='ocrx_word' id='word_1_211' title='bbox 2083 1712 2283 1753; x_wconf 86' lang='lat' dir='ltr'><strong>extremis</strong></span> <span class='ocrx_word' id='word_1_212' title='bbox 2312 1725 2486 1768; x_wconf 91' lang='lat' dir='ltr'><strong>quoque</strong></span> 
     </span>
     <span class='ocr_line' id='line_1_20' title="bbox 350 1786 2491 1844; baseline 0.001 -13"><span class='ocrx_word' id='word_1_213' title='bbox 350 1790 475 1831; x_wconf 89' lang='lat' dir='ltr'><strong>huius</strong></span> <span class='ocrx_word' id='word_1_214' title='bbox 517 1787 668 1831; x_wconf 87' lang='lat' dir='ltr'><strong>scholii</strong></span> <span class='ocrx_word' id='word_1_215' title='bbox 704 1787 847 1830; x_wconf 89' lang='lat' dir='ltr'><strong>verbis</strong></span> <span class='ocrx_word' id='word_1_216' title='bbox 889 1788 1128 1830; x_wconf 84' lang='lat' dir='ltr'><strong>scribendis</strong></span> <span class='ocrx_word' id='word_1_217' title='bbox 1164 1786 1491 1842; x_wconf 81' lang='lat' dir='ltr'><strong>Sangallensem</strong></span> <span class='ocrx_word' id='word_1_218' title='bbox 1534 1787 1684 1828; x_wconf 91' lang='lat' dir='ltr'><strong>ducem</strong></span> <span class='ocrx_word' id='word_1_219' title='bbox 1732 1799 1958 1842; x_wconf 88' lang='lat' dir='ltr'><strong>sequamur</strong></span> <span class='ocrx_word' id='word_1_220' title='bbox 1999 1793 2195 1843; x_wconf 86' lang='lat' dir='ltr'><strong>oportet,</strong></span> <span class='ocrx_word' id='word_1_221' title='bbox 2240 1790 2311 1844; x_wconf 88' lang='lat' dir='ltr'><strong>qui</strong></span> <span class='ocrx_word' id='word_1_222' title='bbox 2352 1789 2491 1834; x_wconf 87' lang='lat' dir='ltr'><strong>habet</strong></span> 
     </span>
     <span class='ocr_line' id='line_1_21' title="bbox 351 1864 2493 1921; baseline 0.001 -13"><span class='ocrx_word' id='word_1_223' title='bbox 351 1866 469 1921; x_wconf 86' lang='lat' dir='ltr'><strong>,licet</strong></span> <span class='ocrx_word' id='word_1_224' title='bbox 496 1870 544 1907; x_wconf 92' lang='lat' dir='ltr'><strong>et</strong></span> <span class='ocrx_word' id='word_1_225' title='bbox 570 1864 782 1907; x_wconf 87' lang='lat' dir='ltr'><strong>Hercules</strong></span> <span class='ocrx_word' id='word_1_226' title='bbox 811 1864 968 1920; x_wconf 87' lang='lat' dir='ltr'><strong>aliique</strong></span> <span class='ocrx_word' id='word_1_227' title='bbox 998 1865 1260 1917; x_wconf 81' lang='lat' dir='ltr'><strong>transierint,</strong></span> <span class='ocrx_word' id='word_1_228' title='bbox 1304 1871 1350 1905; x_wconf 87' lang='lat' dir='ltr'><strong>et</strong></span> <span class='ocrx_word' id='word_1_229' title='bbox 1384 1864 1440 1905; x_wconf 89' lang='lat' dir='ltr'><strong>sit</strong></span> <span class='ocrx_word' id='word_1_230' title='bbox 1474 1864 1731 1905; x_wconf 88' lang='lat' dir='ltr'><strong>transiturus</strong></span> <span class='ocrx_word' id='word_1_231' title='bbox 1761 1866 1960 1906; x_wconf 64' lang='lat' dir='ltr'><strong>Aeneas!</strong></span> <span class='ocrx_word' id='word_1_232' title='bbox 2017 1865 2067 1906; x_wconf 92' lang='lat' dir='ltr'><strong>In</strong></span> <span class='ocrx_word' id='word_1_233' title='bbox 2108 1865 2345 1920; x_wconf 86' lang='lat' dir='ltr'><strong>Reginensi</strong></span> <span class='ocrx_word' id='word_1_234' title='bbox 2379 1867 2493 1910; x_wconf 92' lang='lat' dir='ltr'><strong>enim</strong></span> 
     </span>
     <span class='ocr_line' id='line_1_22' title="bbox 352 1941 2464 2000; baseline 0.001 -15"><span class='ocrx_word' id='word_1_235' title='bbox 352 1944 470 2000; x_wconf 89' lang='lat' dir='ltr'><strong>prius</strong></span> <span class='ocrx_word' id='word_1_236' title='bbox 501 1944 570 1996; x_wconf 91' lang='lat' dir='ltr'><strong>,et‘</strong></span> <span class='ocrx_word' id='word_1_237' title='bbox 600 1942 737 1994; x_wconf 86' lang='lat' dir='ltr'><strong>deest,</strong></span> <span class='ocrx_word' id='word_1_238' title='bbox 768 1946 814 1984; x_wconf 93' lang='lat' dir='ltr'><strong>et</strong></span> <span class='ocrx_word' id='word_1_239' title='bbox 841 1941 1065 1985; x_wconf 88' lang='lat' dir='ltr'><strong>Parisinus</strong></span> <span class='ocrx_word' id='word_1_240' title='bbox 1092 1942 1226 1985; x_wconf 85' lang='lat' dir='ltr'><strong>habet</strong></span> <span class='ocrx_word' id='word_1_241' title='bbox 1255 1942 1370 1995; x_wconf 84' lang='lat' dir='ltr'><strong>,licet</strong></span> <span class='ocrx_word' id='word_1_242' title='bbox 1398 1941 1610 1984; x_wconf 85' lang='lat' dir='ltr'><strong>Hercules</strong></span> <span class='ocrx_word' id='word_1_243' title='bbox 1641 1946 1686 1982; x_wconf 88' lang='lat' dir='ltr'><strong>et</strong></span> <span class='ocrx_word' id='word_1_244' title='bbox 1714 1942 1786 1982; x_wconf 86' lang='lat' dir='ltr'><strong>alii</strong></span> <span class='ocrx_word' id='word_1_245' title='bbox 1814 1943 2065 1983; x_wconf 82' lang='lat' dir='ltr'><strong>transierint</strong></span> <span class='ocrx_word' id='word_1_246' title='bbox 2092 1949 2137 1984; x_wconf 88' lang='lat' dir='ltr'><strong>et</strong></span> <span class='ocrx_word' id='word_1_247' title='bbox 2165 1944 2227 1985; x_wconf 89' lang='lat' dir='ltr'><strong>sic</strong></span> <span class='ocrx_word' id='word_1_248' title='bbox 2255 1944 2313 1985; x_wconf 89' lang='lat' dir='ltr'><strong>sit</strong></span> <span class='ocrx_word' id='word_1_249' title='bbox 2339 1946 2389 1986; x_wconf 79' lang='lat' dir='ltr'><strong>A.</strong></span> <span class='ocrx_word' id='word_1_250' title='bbox 2419 1947 2464 1988; x_wconf 87' lang='lat' dir='ltr'><strong>t.‘</strong></span> 
     </span>
    </p>
   </div>
   <div class='ocr_carea' id='block_1_2' title="bbox 353 2029 2496 3016">
    <p class='ocr_par' dir='ltr' id='par_1_3' title="bbox 353 2029 2496 2460">
     <span class='ocr_line' id='line_1_23' title="bbox 549 2029 2494 2088; baseline 0.003 -16"><span class='ocrx_word' id='word_1_251' title='bbox 549 2031 619 2072; x_wconf 84' lang='lat' dir='ltr'><strong>Ad</strong></span> <span class='ocrx_word' id='word_1_252' title='bbox 649 2044 813 2071; x_wconf 85' lang='lat' dir='ltr'><strong>versum</strong></span> <span class='ocrx_word' id='word_1_253' title='bbox 844 2031 923 2072; x_wconf 85' lang='lat'><strong>165</strong></span> <span class='ocrx_word' id='word_1_254' title='bbox 950 2030 1124 2072; x_wconf 87' lang='lat' dir='ltr'><strong>codices</strong></span> <span class='ocrx_word' id='word_1_255' title='bbox 1154 2029 1315 2072; x_wconf 89' lang='lat' dir='ltr'><strong>saeculi</strong></span> <span class='ocrx_word' id='word_1_256' title='bbox 1342 2030 1397 2083; x_wconf 88' lang='lat' dir='ltr'><strong>X,</strong></span> <span class='ocrx_word' id='word_1_257' title='bbox 1429 2030 1580 2084; x_wconf 88' lang='lat' dir='ltr'><strong>quibus</strong></span> <span class='ocrx_word' id='word_1_258' title='bbox 1610 2035 1720 2082; x_wconf 92' lang='lat' dir='ltr'><strong>utor,</strong></span> <span class='ocrx_word' id='word_1_259' title='bbox 1751 2029 1853 2071; x_wconf 91' lang='lat' dir='ltr'><strong>nihil</strong></span> <span class='ocrx_word' id='word_1_260' title='bbox 1883 2030 2046 2073; x_wconf 89' lang='lat' dir='ltr'><strong>habent</strong></span> <span class='ocrx_word' id='word_1_261' title='bbox 2073 2031 2153 2074; x_wconf 88' lang='lat' dir='ltr'><strong>nisi</strong></span> <span class='ocrx_word' id='word_1_262' title='bbox 2190 2032 2317 2076; x_wconf 90' lang='lat' dir='ltr'><strong>haec:</strong></span> <span class='ocrx_word' id='word_1_263' title='bbox 2352 2034 2494 2088; x_wconf 87' lang='lat' dir='ltr'><strong>,hemi-</strong></span> 
     </span>
     <span class='ocr_line' id='line_1_24' title="bbox 353 2106 2492 2153; baseline 0.001 -3"><span class='ocrx_word' id='word_1_264' title='bbox 353 2108 548 2150; x_wconf 86' lang='lat' dir='ltr'><strong>stichium</strong></span> <span class='ocrx_word' id='word_1_265' title='bbox 583 2107 668 2148; x_wconf 90' lang='lat' dir='ltr'><strong>hoc</strong></span> <span class='ocrx_word' id='word_1_266' title='bbox 704 2107 860 2148; x_wconf 90' lang='lat' dir='ltr'><strong>dicitur</strong></span> <span class='ocrx_word' id='word_1_267' title='bbox 901 2108 1121 2150; x_wconf 88' lang='lat' dir='ltr'><strong>addidisse</strong></span> <span class='ocrx_word' id='word_1_268' title='bbox 1165 2108 1263 2148; x_wconf 92' lang='lat' dir='ltr'><strong>dnm</strong></span> <span class='ocrx_word' id='word_1_269' title='bbox 1303 2107 1487 2148; x_wconf 68' lang='lat' dir='ltr'><strong>recitat!</strong></span> <span class='ocrx_word' id='word_1_270' title='bbox 1551 2107 1596 2148; x_wconf 93' lang='lat' dir='ltr'><strong>ln</strong></span> <span class='ocrx_word' id='word_1_271' title='bbox 1633 2106 1830 2148; x_wconf 84' lang='lat' dir='ltr'><strong>Parisino</strong></span> <span class='ocrx_word' id='word_1_272' title='bbox 1869 2106 1976 2148; x_wconf 80' lang='lat'>7965</span> <span class='ocrx_word' id='word_1_273' title='bbox 2011 2113 2151 2150; x_wconf 87' lang='lat' dir='ltr'><strong>autem</strong></span> <span class='ocrx_word' id='word_1_274' title='bbox 2187 2109 2295 2152; x_wconf 89' lang='lat' dir='ltr'><strong>haec</strong></span> <span class='ocrx_word' id='word_1_275' title='bbox 2330 2110 2492 2153; x_wconf 86' lang='lat' dir='ltr'><strong>inveni:</strong></span> 
     </span>
     <span class='ocr_line' id='line_1_25' title="bbox 355 2182 2495 2242; baseline 0.001 -14"><span class='ocrx_word' id='word_1_276' title='bbox 355 2184 694 2240; x_wconf 87' lang='lat' dir='ltr'><strong>,hemistichium,</strong></span> <span class='ocrx_word' id='word_1_277' title='bbox 737 2184 781 2227; x_wconf 90' lang='lat' dir='ltr'><strong>id</strong></span> <span class='ocrx_word' id='word_1_278' title='bbox 817 2189 885 2227; x_wconf 89' lang='lat' dir='ltr'><strong>est</strong></span> <span class='ocrx_word' id='word_1_279' title='bbox 925 2184 1138 2228; x_wconf 90' lang='lat' dir='ltr'><strong>dimidium</strong></span> <span class='ocrx_word' id='word_1_280' title='bbox 1178 2198 1364 2240; x_wconf 68' lang='lat' dir='ltr'><strong>versum,</strong></span> <span class='ocrx_word' id='word_1_281' title='bbox 1408 2184 1491 2227; x_wconf 85' lang='lat' dir='ltr'><strong>hoc</strong></span> <span class='ocrx_word' id='word_1_282' title='bbox 1533 2183 1686 2226; x_wconf 89' lang='lat' dir='ltr'><strong>dicitur</strong></span> <span class='ocrx_word' id='word_1_283' title='bbox 1721 2182 1957 2237; x_wconf 83' lang='lat' dir='ltr'><strong>addidisse,</strong></span> <span class='ocrx_word' id='word_1_284' title='bbox 2003 2185 2100 2227; x_wconf 86' lang='lat' dir='ltr'><strong>dum</strong></span> <span class='ocrx_word' id='word_1_285' title='bbox 2135 2186 2338 2242; x_wconf 51' lang='lat' dir='ltr'><strong>*Augusto</strong></span> <span class='ocrx_word' id='word_1_286' title='bbox 2381 2187 2495 2231; x_wconf 91' lang='lat' dir='ltr'><strong>hunc</strong></span> 
     </span>
     <span class='ocr_line' id='line_1_26' title="bbox 357 2260 2493 2322; baseline 0.001 -17"><span class='ocrx_word' id='word_1_287' title='bbox 357 2262 510 2306; x_wconf 88' lang='lat' dir='ltr'><strong>librum</strong></span> <span class='ocrx_word' id='word_1_288' title='bbox 553 2262 770 2305; x_wconf 84' lang='lat' dir='ltr'><strong>recitaret.</strong></span> <span class='ocrx_word' id='word_1_289' title='bbox 833 2260 940 2305; x_wconf 89' lang='lat' dir='ltr'><strong>Nam</strong></span> <span class='ocrx_word' id='word_1_290' title='bbox 984 2267 1085 2306; x_wconf 90' lang='lat' dir='ltr'><strong>ante</strong></span> <span class='ocrx_word' id='word_1_291' title='bbox 1127 2262 1435 2306; x_wconf 87' lang='lat' dir='ltr'><strong>hemistichium</strong></span> <span class='ocrx_word' id='word_1_292' title='bbox 1477 2262 1645 2304; x_wconf 80' lang='lat' dir='ltr'><strong>fecerat</strong></span> <span class='ocrx_word' id='word_1_293' title='bbox 1687 2262 1870 2304; x_wconf 83' lang='lat' dir='ltr'><strong>dicendo</strong></span> <span class='ocrx_word' id='word_1_294' title='bbox 1913 2278 2010 2303; x_wconf 79' lang='lat' dir='ltr'><strong>aere</strong></span> <span class='ocrx_word' id='word_1_295' title='bbox 2051 2267 2162 2306; x_wconf 69' lang='lat' dir='ltr'><strong>ciere</strong></span> <span class='ocrx_word' id='word_1_296' title='bbox 2205 2269 2334 2313; x_wconf 73' lang='lat' dir='ltr'><strong>viros,</strong></span> <span class='ocrx_word' id='word_1_297' title='bbox 2377 2268 2493 2322; x_wconf 88' lang='lat' dir='ltr'><strong>quod</strong></span> 
     </span>
     <span class='ocr_line' id='line_1_27' title="bbox 354 2338 2496 2401; baseline 0.002 -19"><span class='ocrx_word' id='word_1_298' title='bbox 354 2343 515 2395; x_wconf 89' lang='lat' dir='ltr'><strong>postea</strong></span> <span class='ocrx_word' id='word_1_299' title='bbox 556 2339 599 2381; x_wconf 91' lang='lat' dir='ltr'><strong>in</strong></span> <span class='ocrx_word' id='word_1_300' title='bbox 641 2338 890 2394; x_wconf 88' lang='lat' dir='ltr'><strong>praesentia</strong></span> <span class='ocrx_word' id='word_1_301' title='bbox 931 2340 1116 2395; x_wconf 81' lang='lat' dir='ltr'><strong>Augusti</strong></span> <span class='ocrx_word' id='word_1_302' title='bbox 1159 2352 1212 2382; x_wconf 89' lang='lat' dir='ltr'><strong>ex</strong></span> <span class='ocrx_word' id='word_1_303' title='bbox 1253 2340 1517 2382; x_wconf 87' lang='lat' dir='ltr'><strong>abundantia</strong></span> <span class='ocrx_word' id='word_1_304' title='bbox 1557 2339 1801 2380; x_wconf 80' lang='lat' dir='ltr'><strong>intellectus</strong></span> <span class='ocrx_word' id='word_1_305' title='bbox 1846 2341 2013 2382; x_wconf 83' lang='lat' dir='ltr'><strong>addidit</strong></span> <span class='ocrx_word' id='word_1_306' title='bbox 2047 2344 2189 2385; x_wconf 90' lang='lat' dir='ltr'><strong>subito</strong></span> <span class='ocrx_word' id='word_1_307' title='bbox 2232 2346 2496 2401; x_wconf 64' lang='lat' dir='ltr'><strong>Martemque</strong></span> 
     </span>
     <span class='ocr_line' id='line_1_28' title="bbox 353 2419 776 2460; baseline -0.005 0"><span class='ocrx_word' id='word_1_308' title='bbox 353 2419 590 2460; x_wconf 75' lang='lat' dir='ltr'><strong>accendere</strong></span> <span class='ocrx_word' id='word_1_309' title='bbox 619 2421 744 2460; x_wconf 77' lang='lat' dir='ltr'><strong>cantu</strong></span> <span class='ocrx_word' id='word_1_310' title='bbox 763 2423 776 2440; x_wconf 88' lang='lat'>‘</span> 
     </span>
    </p>

    <p class='ocr_par' dir='ltr' id='par_1_4' title="bbox 355 2493 2496 2845">
     <span class='ocr_line' id='line_1_29' title="bbox 555 2493 2496 2552; baseline 0.003 -17"><span class='ocrx_word' id='word_1_311' title='bbox 555 2508 591 2535; x_wconf 86' lang='lat' dir='ltr'><strong>v.</strong></span> <span class='ocrx_word' id='word_1_312' title='bbox 641 2494 727 2537; x_wconf 81' lang='lat'><strong>177.</strong></span> <span class='ocrx_word' id='word_1_313' title='bbox 791 2493 1068 2536; x_wconf 82' lang='lat' dir='ltr'><strong>Memorabile</strong></span> <span class='ocrx_word' id='word_1_314' title='bbox 1117 2497 1186 2546; x_wconf 74' lang='lat' dir='ltr'><strong>est</strong></span> <span class='ocrx_word' id='word_1_315' title='bbox 1229 2495 1344 2547; x_wconf 92' lang='lat' dir='ltr'><strong>quod</strong></span> <span class='ocrx_word' id='word_1_316' title='bbox 1385 2493 1605 2535; x_wconf 87' lang='lat' dir='ltr'><strong>Parisinus</strong></span> <span class='ocrx_word' id='word_1_317' title='bbox 1656 2497 1701 2531; x_wconf 91' lang='lat' dir='ltr'><strong>et</strong></span> <span class='ocrx_word' id='word_1_318' title='bbox 1741 2493 1973 2535; x_wconf 87' lang='lat' dir='ltr'><strong>Bernensis</strong></span> <span class='ocrx_word' id='word_1_319' title='bbox 2016 2509 2096 2549; x_wconf 92' lang='lat' dir='ltr'><strong>pro</strong></span> <span class='ocrx_word' id='word_1_320' title='bbox 2140 2509 2213 2549; x_wconf 90' lang='lat' dir='ltr'><strong>eo,</strong></span> <span class='ocrx_word' id='word_1_321' title='bbox 2258 2499 2374 2552; x_wconf 91' lang='lat' dir='ltr'><strong>quod</strong></span> <span class='ocrx_word' id='word_1_322' title='bbox 2418 2501 2496 2540; x_wconf 78' lang='lat' dir='ltr'><strong>Rs</strong></span> 
     </span>
     <span class='ocr_line' id='line_1_30' title="bbox 357 2562 2494 2625; baseline 0.003 -14"><span class='ocrx_word' id='word_1_323' title='bbox 357 2570 560 2612; x_wconf 87' lang='lat' dir='ltr'><strong>exhibent</strong></span> <span class='ocrx_word' id='word_1_324' title='bbox 596 2570 780 2622; x_wconf 90' lang='lat' dir='ltr'><strong>,Probus</strong></span> <span class='ocrx_word' id='word_1_325' title='bbox 814 2574 916 2625; x_wconf 81' lang='lat' dir='ltr'><strong>(pro</strong></span> <span class='ocrx_word' id='word_1_326' title='bbox 953 2569 1065 2623; x_wconf 90' lang='lat' dir='ltr'><strong>quib.</strong></span> <span class='ocrx_word' id='word_1_327' title='bbox 1096 2570 1154 2619; x_wconf 76' lang='lat' dir='ltr'><strong>R)</strong></span> <span class='ocrx_word' id='word_1_328' title='bbox 1191 2573 1332 2612; x_wconf 87' lang='lat' dir='ltr'><strong>tamen</strong></span> <span class='ocrx_word' id='word_1_329' title='bbox 1361 2575 1408 2611; x_wconf 88' lang='lat' dir='ltr'><strong>et</strong></span> <span class='ocrx_word' id='word_1_330' title='bbox 1436 2562 1659 2622; x_wconf 71' lang='lat' dir='ltr'><strong>Donatus,‘</strong></span> <span class='ocrx_word' id='word_1_331' title='bbox 1688 2571 1901 2624; x_wconf 82' lang='lat' dir='ltr'><strong>praebent</strong></span> <span class='ocrx_word' id='word_1_332' title='bbox 1929 2569 2111 2623; x_wconf 90' lang='lat' dir='ltr'><strong>‚Probus</strong></span> <span class='ocrx_word' id='word_1_333' title='bbox 2140 2578 2185 2614; x_wconf 93' lang='lat' dir='ltr'><strong>et</strong></span> <span class='ocrx_word' id='word_1_334' title='bbox 2213 2577 2348 2616; x_wconf 89' lang='lat' dir='ltr'><strong>ceteri</strong></span> <span class='ocrx_word' id='word_1_335' title='bbox 2383 2590 2494 2619; x_wconf 85' lang='lat' dir='ltr'><strong>com·</strong></span> 
     </span>
     <span class='ocr_line' id='line_1_31' title="bbox 357 2646 2490 2706; baseline 0.004 -18"><span class='ocrx_word' id='word_1_336' title='bbox 357 2650 650 2689; x_wconf 83' lang='lat' dir='ltr'><strong>mentatores.⁴</strong></span> <span class='ocrx_word' id='word_1_337' title='bbox 709 2647 805 2698; x_wconf 87' lang='lat' dir='ltr'><strong>Qua</strong></span> <span class='ocrx_word' id='word_1_338' title='bbox 841 2661 889 2689; x_wconf 90' lang='lat' dir='ltr'><strong>re</strong></span> <span class='ocrx_word' id='word_1_339' title='bbox 912 2647 1028 2689; x_wconf 84' lang='lat' dir='ltr'><strong>illud</strong></span> <span class='ocrx_word' id='word_1_340' title='bbox 1055 2647 1232 2701; x_wconf 88' lang='lat' dir='ltr'><strong>probari</strong></span> <span class='ocrx_word' id='word_1_341' title='bbox 1264 2647 1433 2689; x_wconf 79' lang='lat' dir='ltr'><strong>videtur</strong></span> <span class='ocrx_word' id='word_1_342' title='bbox 1466 2647 1582 2700; x_wconf 89' lang='lat' dir='ltr'><strong>quod</strong></span> <span class='ocrx_word' id='word_1_343' title='bbox 1618 2660 1721 2688; x_wconf 73' lang='lat' dir='ltr'><strong>mue.</strong></span> <span class='ocrx_word' id='word_1_344' title='bbox 1750 2646 1887 2689; x_wconf 80' lang='lat' dir='ltr'><strong>Rhen.</strong></span> <span class='ocrx_word' id='word_1_345' title='bbox 1915 2647 2020 2691; x_wconf 89' lang='lat' dir='ltr'><strong>XIV</strong></span> <span class='ocrx_word' id='word_1_346' title='bbox 2049 2663 2090 2704; x_wconf 88' lang='lat' dir='ltr'><strong>p.</strong></span> <span class='ocrx_word' id='word_1_347' title='bbox 2118 2650 2202 2693; x_wconf 76' lang='lat'><strong>550</strong></span> <span class='ocrx_word' id='word_1_348' title='bbox 2263 2652 2362 2706; x_wconf 82' lang='lat' dir='ltr'><strong>dixi,</strong></span> <span class='ocrx_word' id='word_1_349' title='bbox 2397 2667 2490 2697; x_wconf 92' lang='lat' dir='ltr'><strong>eam</strong></span> 
     </span>
     <span class='ocr_line' id='line_1_32' title="bbox 356 2723 2494 2781; baseline 0.003 -14"><span class='ocrx_word' id='word_1_350' title='bbox 356 2724 758 2767; x_wconf 86' lang='lat' dir='ltr'><strong>commentariorum</strong></span> <span class='ocrx_word' id='word_1_351' title='bbox 787 2724 1096 2778; x_wconf 88' lang='lat' dir='ltr'><strong>recensionem,</strong></span> <span class='ocrx_word' id='word_1_352' title='bbox 1125 2737 1248 2778; x_wconf 90' lang='lat' dir='ltr'><strong>quam</strong></span> <span class='ocrx_word' id='word_1_353' title='bbox 1280 2723 1474 2766; x_wconf 84' lang='lat' dir='ltr'><strong>Danielis</strong></span> <span class='ocrx_word' id='word_1_354' title='bbox 1502 2723 1601 2766; x_wconf 91' lang='lat' dir='ltr'><strong>libri</strong></span> <span class='ocrx_word' id='word_1_355' title='bbox 1627 2727 2021 2780; x_wconf 87' lang='lat' dir='ltr'><strong>repraesentarent,</strong></span> <span class='ocrx_word' id='word_1_356' title='bbox 2050 2726 2112 2768; x_wconf 89' lang='lat' dir='ltr'><strong>ita</strong></span> <span class='ocrx_word' id='word_1_357' title='bbox 2140 2732 2279 2771; x_wconf 86' lang='lat' dir='ltr'><strong>ortam</strong></span> <span class='ocrx_word' id='word_1_358' title='bbox 2308 2743 2417 2781; x_wconf 88' lang='lat' dir='ltr'><strong>esse,</strong></span> <span class='ocrx_word' id='word_1_359' title='bbox 2445 2740 2494 2774; x_wconf 90' lang='lat' dir='ltr'><strong>ut</strong></span> 
     </span>
     <span class='ocr_line' id='line_1_33' title="bbox 355 2800 1692 2845; baseline -0.001 0"><span class='ocrx_word' id='word_1_360' title='bbox 355 2801 574 2845; x_wconf 87' lang='lat' dir='ltr'><strong>Servianis</strong></span> <span class='ocrx_word' id='word_1_361' title='bbox 603 2800 781 2844; x_wconf 89' lang='lat' dir='ltr'><strong>aliorum</strong></span> <span class='ocrx_word' id='word_1_362' title='bbox 814 2805 1196 2845; x_wconf 86' lang='lat' dir='ltr'><strong>commentatorum</strong></span> <span class='ocrx_word' id='word_1_363' title='bbox 1225 2800 1390 2845; x_wconf 88' lang='lat' dir='ltr'><strong>scholia</strong></span> <span class='ocrx_word' id='word_1_364' title='bbox 1417 2801 1692 2845; x_wconf 90' lang='lat' dir='ltr'><strong>adderentur.</strong></span> 
     </span>
    </p>

    <p class='ocr_par' dir='ltr' id='par_1_5' title="bbox 359 2877 2489 3016">
     <span class='ocr_line' id='line_1_34' title="bbox 552 2877 2489 2939; baseline 0.004 -19"><span class='ocrx_word' id='word_1_365' title='bbox 552 2893 589 2920; x_wconf 87' lang='lat' dir='ltr'><strong>v.</strong></span> <span class='ocrx_word' id='word_1_366' title='bbox 633 2877 718 2920; x_wconf 84' lang='lat'><strong>197.</strong></span> <span class='ocrx_word' id='word_1_367' title='bbox 774 2877 1035 2934; x_wconf 83' lang='lat' dir='ltr'><strong>Reginensis</strong></span> <span class='ocrx_word' id='word_1_368' title='bbox 1069 2883 1117 2922; x_wconf 90' lang='lat' dir='ltr'><strong>et</strong></span> <span class='ocrx_word' id='word_1_369' title='bbox 1153 2877 1446 2934; x_wconf 76' lang='lat' dir='ltr'><strong>sangallensis</strong></span> <span class='ocrx_word' id='word_1_370' title='bbox 1483 2891 1576 2921; x_wconf 88' lang='lat' dir='ltr'><strong>cum</strong></span> <span class='ocrx_word' id='word_1_371' title='bbox 1611 2881 1805 2923; x_wconf 88' lang='lat' dir='ltr'><strong>omnibus</strong></span> <span class='ocrx_word' id='word_1_372' title='bbox 1840 2879 1979 2935; x_wconf 87' lang='lat' dir='ltr'><strong>libris,</strong></span> <span class='ocrx_word' id='word_1_373' title='bbox 2030 2884 2183 2939; x_wconf 86' lang='lat' dir='ltr'><strong>quibus</strong></span> <span class='ocrx_word' id='word_1_374' title='bbox 2221 2885 2489 2929; x_wconf 87' lang='lat' dir='ltr'><strong>Burmannus</strong></span> 
     </span>
     <span class='ocr_line' id='line_1_35' title="bbox 359 2955 2489 3016; baseline 0.004 -18"><span class='ocrx_word' id='word_1_375' title='bbox 359 2968 462 2998; x_wconf 86' lang='lat' dir='ltr'><strong>usus</strong></span> <span class='ocrx_word' id='word_1_376' title='bbox 492 2960 573 3010; x_wconf 86' lang='lat' dir='ltr'><strong>est,</strong></span> <span class='ocrx_word' id='word_1_377' title='bbox 602 2955 765 2998; x_wconf 88' lang='lat' dir='ltr'><strong>habent</strong></span> <span class='ocrx_word' id='word_1_378' title='bbox 793 2956 919 3010; x_wconf 90' lang='lat' dir='ltr'><strong>‚unde</strong></span> <span class='ocrx_word' id='word_1_379' title='bbox 948 2969 1135 3012; x_wconf 83' lang='lat' dir='ltr'><strong>aggeres</strong></span> <span class='ocrx_word' id='word_1_380' title='bbox 1150 2963 1253 3014; x_wconf 88' lang='lat' dir='ltr'><strong>post</strong></span> <span class='ocrx_word' id='word_1_381' title='bbox 1278 2959 1483 3013; x_wconf 86' lang='lat' dir='ltr'><strong>pomeria,</strong></span> <span class='ocrx_word' id='word_1_382' title='bbox 1513 2959 1584 3001; x_wconf 92' lang='lat' dir='ltr'><strong>ubi</strong></span> <span class='ocrx_word' id='word_1_383' title='bbox 1613 2961 1903 3016; x_wconf 86' lang='lat' dir='ltr'><strong>captabantur</strong></span> <span class='ocrx_word' id='word_1_384' title='bbox 1922 2962 2116 3016; x_wconf 83' lang='lat' dir='ltr'><strong>auguria,</strong></span> <span class='ocrx_word' id='word_1_385' title='bbox 2146 2963 2398 3006; x_wconf 87' lang='lat' dir='ltr'><strong>dicebantur</strong></span> <span class='ocrx_word' id='word_1_386' title='bbox 2426 2968 2489 3015; x_wconf 75' lang='lat' dir='ltr'><strong>(in</strong></span> 
     </span>
    </p>
   </div>
   <div class='ocr_carea' id='block_1_3' title="bbox 553 3111 2242 3224">
    <p class='ocr_par' dir='ltr' id='par_1_6' title="bbox 553 3111 2242 3224">
     <span class='ocr_line' id='line_1_36' title="bbox 553 3111 2219 3165; baseline 0.005 -18"><span class='ocrx_word' id='word_1_387' title='bbox 553 3112 592 3157; x_wconf 49' lang='grc' dir='ltr'><strong>1ἲ)</strong></span> <span class='ocrx_word' id='word_1_388' title='bbox 619 3113 662 3149; x_wconf 90' lang='lat' dir='ltr'><strong>In</strong></span> <span class='ocrx_word' id='word_1_389' title='bbox 687 3111 902 3148; x_wconf 68' lang='lat' dir='ltr'><strong>Caesennio</strong></span> <span class='ocrx_word' id='word_1_390' title='bbox 924 3115 1203 3150; x_wconf 73' lang='lat' dir='ltr'><strong>commentarius</strong></span> <span class='ocrx_word' id='word_1_391' title='bbox 1225 3115 1272 3151; x_wconf 80' lang='lat' dir='ltr'><strong>ad</strong></span> <span class='ocrx_word' id='word_1_392' title='bbox 1293 3126 1325 3151; x_wconf 80' lang='lat' dir='ltr'><strong>v.</strong></span> <span class='ocrx_word' id='word_1_393' title='bbox 1349 3115 1528 3153; x_wconf 71' lang='lat' dir='ltr'>153—ss59</span> <span class='ocrx_word' id='word_1_394' title='bbox 1551 3115 1665 3160; x_wconf 79' lang='lat' dir='ltr'><strong>deest,</strong></span> <span class='ocrx_word' id='word_1_395' title='bbox 1689 3122 1772 3154; x_wconf 86' lang='lat' dir='ltr'><strong>octo</strong></span> <span class='ocrx_word' id='word_1_396' title='bbox 1797 3118 1890 3153; x_wconf 87' lang='lat' dir='ltr'><strong>enim</strong></span> <span class='ocrx_word' id='word_1_397' title='bbox 1916 3118 2003 3154; x_wconf 77' lang='lat' dir='ltr'><strong>solia</strong></span> <span class='ocrx_word' id='word_1_398' title='bbox 2025 3120 2219 3165; x_wconf 85' lang='lat' dir='ltr'><strong>perierunt.</strong></span> 
     </span>
     <span class='ocr_line' id='line_1_37' title="bbox 2216 3183 2242 3224; baseline 0 0"><span class='ocrx_word' id='word_1_399' title='bbox 2216 3183 2242 3224; x_wconf 82' lang='grc'><em>2</em></span> 
     </span>
    </p>
   </div>
  </div>
 </body>
</html>
