2950 3712
1415 369 1445 416 8

360 516 586 565 ‹si-novem
611 516 763 572 libitos,
790 517 838 565 in
866 518 1020 572 quibus
1049 524 1200 569 erant
1232 520 1326 566 fata
1354 525 1400 566 et
1432 548 1437 553 -
1465 536 1618 569 novem
1660 523 1817 579 libros,
1865 527 1910 570 in
1960 528 2127 582 quibas.
2162 530 2366 575 dicem
2412 531 2510 579 rm

359 592 553 643 remedia
588 592 808 650 Romana.
844 599 890 647 et
922 609 1006 652 pro
1040 595 1106 650 his
1140 597 1417 654 poposcisse,
1464 601 1657 644 remedia
1690 607 1738 646 et
1771 609 1870 658 (on.
1902 605 1964 659 B)
1997 606 2210 661 Romana,
2236 612 2292 653 et
2323 621 2405 665 pro
2434 608 2508 652 his

359 672 583 714 trecentos
599 668 875 731 philippeos,
911 672 983 726 qui
1011 672 1132 726 aurei
1166 676 1269 717 tuno
1303 686 1398 730 pre·
1436 677 1725 733 --Wposoisse
1754 679 1865 724 000
1893 681 2160 739 philippeos,
2190 695 2231 738 q.
2260 698 2300 727 a.
2333 689 2364 728 t.
2392 698 2438 742 p.
2467 698 2508 729 e.

358 747 461 793 tiosi
508 751 647 790 erant.
719 747 843 802 Quae
890 751 1145 805 ‘contempta
1196 749 1304 796 alia·
1327 750 1397 794 dic
1465 753 1517 806 Q.
1547 767 1583 798 c.
1613 769 1652 798 a.
1671 756 1712 801 d.
1743 757 1881 802 tribus
1899 759 2101 804 incensis.
2119 773 2212 805 cum
2232 774 2322 805 sex
2348 761 2505 817 (tribus

360 824 498 867 trihus
536 824 726 868 incensis
761 837 856 874 cum
885 816 1022 868 tribus
1038 838 1228 874 reversa
1256 831 1325 878 est
1353 831 1399 875 et
1467 832 1522 881 C)
1556 845 1734 878 reversa
1767 839 1917 882 estet
1959 839 2182 879 trecentos
2223 839 2408 889 (tantum
2448 839 2503 891 C)

357 900 536 957 accepit
553 904 759 954 quantum
776 901 1174 957 postulaverat,
1202 901 1398 959 hac-ipsa
1461 909 1682 965 poposcit,
1710 922 1763 954 ac
1793 910 1935 973 denuo
1966 915 2224 969 contempta
2252 918 2321 956 est
2346 916 2420 968 (ao
2447 938 2502 949 —-

358 992 405 1022 re
436 980 654 1023 commoto
681 989 802 1033 rege,
834 978 951 1039 quod
979 978 1164 1035 pretium
1183 993 1271 1023 non
1281 993 1397 1029 smu-
1463 993 1532 1032 est
1565 1002 1646 1032 om.
1691 987 1767 1043 C);
1806 987 1909 1031 item
1952 989 2082 1033 tertio
2127 989 2222 1033 aliis
2264 992 2402 1036 trihus
2443 994 2502 1037 in·

359 1058 523 1099 tabat.
575 1054 657 1107 Qui
685 1053 785 1099 libri
812 1054 856 1096 in
882 1055 1047 1111 templo
1066 1056 1282 1111 Apollinis
1312 1069 1396 1099 ser·
1422 1110 1425 1117 ¹
1464 1066 1616 1108 censis,
1637 1079 1731 1107 eum
1759 1065 1897 1108 tribus
1928 1069 2093 1109 tantum
2122 1070 2219 1120 (om.
2244 1069 2300 1120 C)
2325 1082 2503 1112 reversa

357 1133 598 1178 vahantur‘.
655 1131 745 1178 SG.
1464 1147 1550 1196 est,
1600 1147 1648 1186 et
1689 1142 1863 1198 accepit
1911 1147 2115 1196 quantum
2158 1150 2503 1202 poposcerat,

1422 1248 1425 1265 ι
1463 1222 1545 1263 hae
1574 1222 1672 1277 ipsa
1699 1234 1746 1263 re
1777 1222 1874 1274 (ont.
1909 1222 1964 1274 Ρ)
1994 1227 2210 1266 commoto
2239 1237 2358 1279 rege,
2387 1225 2504 1277 quod
2551 1250 2555 1254 ·

1421 1268 1425 1378 ⁴
1463 1298 1645 1353 pretium
1689 1311 1776 1340 non
1813 1298 2093 1341 minuebat:
2142 1305 2244 1342 tune
2285 1301 2504 1343 mulierem

1484 1374 1630 1415 subito
1662 1387 1752 1414 non
1768 1375 2036 1430 apparuisse.
2057 1381 2180 1428 (tune
2198 1400 2247 1407 —
2269 1391 2419 1434 appar.
2441 1393 2511 1420 om

1466 1451 1536 1500 C.)
1593 1450 1674 1502 Qui
1709 1449 1808 1493 libri
1843 1451 1885 1492 in
1921 1451 2084 1507 templo
2113 1452 2329 1507 Apollinis
2364 1467 2507 1498 ser-va·

1460 1528 1646 1570 bantur.‘
1707 1528 1795 1570 GP.

553 1607 824 1658 Quaeramus
855 1618 965 1647 nune
986 1604 1123 1648 utrius
1152 1604 1357 1647 librorum
1386 1605 1557 1660 generis
1586 1604 1834 1647 testimonia
1861 1604 1989 1646 alteri
2009 1604 2296 1660 praeferenda
2324 1619 2421 1650 esse
2449 1609 2506 1650 vi·

362 1684 558 1725 deantur.
615 1683 665 1724 ln
700 1682 867 1724 scholio
903 1683 959 1723 ad
995 1696 1032 1723 v.
1066 1682 1133 1734 36,
1173 1683 1228 1723 ad
1266 1683 1382 1734 quod
1417 1695 1683 1733 revocamur,
1718 1680 1891 1724 Servius
1929 1695 2022 1723 eum
2050 1696 2136 1724 non
2174 1682 2330 1726 dixerit
2363 1686 2417 1727 de
2446 1685 2508 1728 Si-

368 1759 538 1816 byllinis
581 1759 807 1814 responsis
849 1758 1076 1811 universis,
1113 1759 1189 1800 sed
1232 1763 1368 1800 utrum
1412 1773 1438 1801 a
1467 1760 1658 1801 Cumana
1698 1772 1753 1800 an
1795 1760 1850 1800 ab
1893 1757 2135 1813 Erythraea
2175 1759 2270 1801 fata
2309 1761 2510 1805 Romana

365 1837 617 1893 conscripta
645 1842 795 1878 essent
823 1837 1064 1878 dubitatum
1099 1848 1195 1879 esse
1230 1838 1484 1885 narraverit,
1521 1837 1621 1889 quin
1649 1837 1733 1878 hoe
1760 1837 1861 1876 loeo
1892 1835 2114 1890 scripserit
2148 1848 2274 1887 ,qnae
2301 1843 2349 1880 ut
2375 1853 2510 1893 supra

361 1914 554 1957 dixinms‘
600 1915 771 1963 dubium
816 1927 914 1956 esse
956 1913 1117 1966 nequit.
1161 1937 1210 1945 -
1255 1915 1406 1956 Verba
1437 1925 1551 1966 quae
1595 1918 1694 1955 sunt
1735 1925 2003 1966 ,quamquam
2047 1913 2265 1957 Cumanae
2300 1915 2509 1970 Virgilius

360 1991 492 2044 dieat,
525 1992 668 2033 Varro
690 1990 944 2045 Erythreae‘
975 2003 1069 2032 cum
1111 1990 1163 2032 iis
1193 2001 1304 2042 quae
1333 1990 1598 2032 antecedunt
1626 1990 1688 2031 ita
1717 2002 1883 2031 conexa
1917 1995 2033 2040 suut,
2068 1995 2116 2031 ut
2153 1993 2276 2042 ,esse‘
2306 1991 2507 2035 facillime

358 2067 630 2124 suppleatur.
688 2067 857 2110 Contra
886 2078 996 2120 quae
1030 2067 1112 2109 GP
1136 2067 1340 2110 exhibent
1367 2068 1423 2109 ad
1452 2067 1639 2122 priorem
1670 2066 1911 2108 sententiae
1940 2071 2109 2121 partem
2137 2081 2223 2109 non
2260 2072 2360 2110 sunt
2387 2074 2505 2124 apta.

363 2168 414 2177 -·
449 2144 550 2199 ‚Sed
579 2147 768 2188 constat‘
798 2144 948 2186 melius
979 2150 1059 2197 est,
1090 2157 1215 2197 quam
1245 2149 1435 2197 ,constat
1463 2145 1633 2185 autem‘.
1685 2144 1883 2194 Quamvis
1914 2144 2023 2184 enim
2052 2144 2260 2186 incertum
2290 2146 2358 2199 sit,
2387 2147 2506 2190 cuius

355 2221 555 2279 Sibyllae
597 2222 757 2264 fuerint
795 2222 895 2264 libri
933 2221 1148 2277 Sibyllini,
1192 2221 1297 2263 illud
1340 2226 1491 2270 tamen¹
1520 2220 1692 2262 Servius
1735 2227 1938 2262 constare
1982 2220 2105 2272 dicit,
2148 2234 2225 2264 eos
2266 2235 2294 2263 a
2332 2223 2506 2265 muliere

360 2301 547 2354 quadam
582 2300 821 2352 Tarquinio
858 2299 1039 2342 oblatos·
1071 2312 1181 2342 esse.
1225 2323 1279 2331 —·
1318 2299 1485 2341 Nomen
1522 2298 1711 2354 Sibyllae
1749 2299 1863 2352 quod
1897 2299 1941 2340 in
1975 2299 2053 2340 (ΖΡ
2077 2304 2434 2355 corruptum-est,
2462 2302 2507 2345 id

356 2377 629 2419 librariorum
650 2376 957 2431 neglegentiae
987 2377 1271 2418 tribuendum.
1316 2378 1375 2417 At
1404 2389 1529 2428 ,quae
1558 2389 1605 2417 se
1623 2376 1896 2418 Amaltheam
1925 2376 2103 2418 diceret‘
2131 2377 2318 2419 barbare
2347 2378 2505 2421 dictum

355 2458 439 2497 est.
466 2477 522 2484 —
552 2454 606 2506 ,in
636 2453 787 2507 quibus
818 2458 945 2496 erant
971 2453 1000 2496 f.
1031 2466 1067 2495 e.
1086 2467 1108 2495 r
1140 2453 1193 2496 R‘
1219 2453 1409 2496 Servium
1439 2453 1665 2508 scripsisse
1688 2452 1831 2508 ,magis
1851 2452 2093 2508 probabile,
2123 2464 2249 2506 quam
2277 2454 2332 2504 ,in
2352 2456 2506 2509 quibus

355 2531 527 2573 diceret
554 2531 586 2572 f.
615 2543 653 2572 e.
681 2543 717 2572 r.
744 2531 811 2573 R.‘
853 2531 1084 2585 Dionysius
1105 2531 1213 2572 enim
1244 2531 1385 2573 Halie.
1424 2531 1487 2572 lv
1505 2530 1560 2572 62
1579 2536 1624 2572 et
1640 2530 1894 2573 Lactantius
1922 2530 1942 2571 1
1959 2530 2000 2582 6,
2020 2530 2092 2582 qui
2108 2530 2348 2573 Varronem
2368 2534 2504 2576 secuti

356 2611 470 2660 sunt,
501 2619 586 2660 quo
623 2606 795 2650 Servius
833 2619 1006 2660 quoque
1045 2612 1226 2649 auctore
1255 2607 1406 2659 utitur,
1426 2606 1648 2662 Sibyllam
1684 2607 1821 2663 ipsam
1858 2606 1960 2659 quid
1993 2605 2037 2647 in
2066 2605 2186 2650 libris
2212 2607 2376 2652 inesset
2402 2610 2505 2652 indi·

355 2697 486 2727 casse
522 2697 609 2727 non
645 2689 942 2727 narraverunt.
1006 2683 1172 2728 Gellius
1216 2697 1320 2728 vero
1356 2684 1376 2726 I
1417 2685 1466 2728 19
1503 2689 1682 2737 ,novem·
1717 2684 1856 2737 inquit
1895 2682 2041 2736 ,libros
2074 2683 2230 2738 ferens,
2267 2698 2375 2739 quos
2404 2700 2502 2730 esse

355 2760 533 2804 dicebat
567 2761 712 2804 divina
739 2761 945 2806 oracula!
974 2786 1027 2795 -
1069 2761 1219 2805 Verba
1248 2774 1358 2816 quae
1381 2767 1480 2805 sunt
1509 2775 1616 2814 ‚cum
1646 2773 1722 2805 sex
1745 2784 1794 2794 --
1829 2759 1966 2803 tribus
1992 2760 2189 2805 incensis‘
2223 2762 2266 2805 in
2296 2775 2351 2807 eo
2375 2763 2503 2819 libro,

354 2852 380 2881 e
408 2851 494 2892 quo
524 2837 828 2894 Sangallensis
854 2839 1178 2895 etRaeginensis
1206 2839 1456 2895 transcripti
1487 2843 1598 2892 sunt,
1628 2837 1830 2882 librarius
1851 2837 2006 2893 omisit,
2035 2838 2152 2882 euius
2182 2840 2336 2884 ocuha
2355 2841 2501 2897 priore

354 2915 512 2969 ,tribus
548 2916 754 2958 incensis‘
783 2917 838 2958 ad
874 2916 1057 2959 alterum
1092 2917 1416 2959 aberraverant.
1476 2915 1677 2959 Ceterum
1719 2927 1801 2969 pro
1831 2917 2078 2966 ,trecentos‘
2104 2928 2192 2958 non
2224 2911 2503 2961 Caesellanus

364 2996 545 3046 tantum,
575 2993 655 3034 sed
689 2993 1002 3036 Ambrosianus
1035 3004 1207 3046 quoque
1240 2992 1377 3036 habet
1410 2994 1617 3045 ‚tantmn‘,
1654 2991 1771 3044 quod
1805 2991 1961 3034 dudum
1996 2992 2265 3036 emendatum
2300 2999 2389 3037 est·
2435 2995 2503 3041 Eo

359 3080 532 3123 qnoque
579 3069 893 3112 Ambrosianus
929 3069 1170 3114 Cassellani
1213 3070 1359 3111 similis
1395 3074 1475 3122 est,
1519 3069 1637 3121 quod
1679 3072 1725 3108 et
1766 3080 1833 3120 ,ac
1854 3067 2016 3109 denuo
2059 3074 2311 3126 contempta
2342 3073 2424 3113 est‘
2459 3077 2507 3114 et

364 3146 758 3199 ,tantum‘omittis
780 3145 933 3197 quibus
953 3147 1098 3188 verbis
1115 3146 1245 3188 facile
1266 3159 1460 3188 caremus
1489 3169 1545 3177 —
1574 3144 1817 3196 ,minuebat‘
1836 3157 1921 3185 non
1943 3153 2043 3186 isse
2060 3159 2086 3187 a
2100 3144 2257 3189 Servio
2286 3147 2504 3202 seriptum,

344 3238 426 3281 pro
448 3228 600 3267 -·ecrto
635 3223 742 3267 licet
775 3221 1002 3276 affirmari3
1041 3222 1089 3266 id
1128 3223 1239 3266 enim
1274 3235 1400 3266 nemo
1435 3225 1659 3265 mutasset.
1715 3223 1779 3264 At
1808 3234 1889 3277 pro
1911 3223 2143 3274 ,mutabat‘
2178 3228 2226 3266 ut
2260 3223 2503 3277 ,minuebat‘
