2950 3712
1476 341 1539 387 16

435 493 540 534 suae
576 490 735 546 uxoris,
770 491 885 534 filiae
913 491 1086 548 Syllae.‘
1141 491 1267 535 Haec
1301 492 1449 535 Servii.
1507 493 1557 535 ln
1591 493 1830 549 Regin'ensi
1864 493 1992 537 deest
2025 493 2210 548 ,nxoris,·
2242 494 2286 536 in
2322 481 2582 536 Oasselhno
2647 490 2656 497 ’

439 567 552 622 ,filia‘
595 567 758 624 legitur
794 575 841 612 et
874 568 1046 626 ,Syllae‘
1095 569 1318 614 omittitur.
1389 568 1611 614 Parisinus
1657 571 1841 626 denique
1884 573 2070 629 praebet
2110 571 2165 627 ‚in
2215 571 2430 616 adulterio
2475 568 2585 617 ἐπιδ

434 645 582 687 uxoris
629 657 741 698 quae
787 647 951 688 fuerat'
969 646 1099 688 fausti
1141 645 1286 700 Syllae
1327 646 1439 689 fllia:
1515 647 1625 690 Hine
1667 648 1847 702 factum,
1893 654 1939 691 ut
1985 649 2201 702 ‚Faustae‘
2249 661 2403 692 nomen
2442 647 2580 692 Servii

432 722 576 765 verbis
610 722 888 772 insereretur.

636 793 674 847 v}
709 805 803 847 645.
861 802 1076 858 ‚Orpheus
1113 802 1336 859 Calliopes
1371 809 1418 845 et
1452 805 1616 857 Oeagri
1650 805 1761 848 filius
1797 804 1895 856 fuit,
1931 804 2000 858 qui
2030 804 2190 861 primus
2225 789 2348 860 orgia
2382 802 2582 857 instituit,

434 882 596 939 primus
625 881 755 925 etiam
775 879 1063 936 deprehendit
1088 880 1352 923 harmoniam
1383 881 1406 922 i.
1439 894 1475 923 e.
1506 882 1759 925 cireniorum
1781 882 2088 925 mundanorum
2109 894 2271 933 sonum,
2301 891 2410 934 quos
2429 893 2584 924 novem

435 971 535 1003 esse
565 957 772 1002 novimus.
827 956 864 1000 Ε
893 957 1045 1011 quibus
1066 969 1264 1011 summus,
1294 968 1419 1011 quem
1442 954 1656 1012 ἇινασιρον
1683 959 1843 1013 dicunt,
1874 971 1983 1001 sono
2004 962 2138 1012 caret,
2167 957 2269 1000 item
2297 956 2481 1011 ultimus,
2511 949 2582 1012 qni

439 1042 637 1080 terrenus
680 1040 767 1087 est;
818 1034 973 1087 reliqui
1017 1036 1186 1084 (omncs
1235 1037 1336 1076 add.
1382 1036 1439 1085 R)
1490 1042 1657 1091 septem
1707 1041 1825 1088 sunt,
1876 1048 2053 1089 quorum
2078 1046 2250 1078 *sonum
2300 1034 2586 1090 deprehendit

439 1114 667 1169 Orpheus.t
732 1112 853 1164 Quae
889 1115 1134 1162 'sequuntur
1173 1112 1215 1154 in
1252 1112 1373 1154 libris
1415 1112 1685 1156 librariorum
1725 1112 2007 1167 neglegentia
2051 1116 2254 1167 corrupta
2290 1115 2407 1154 sunt:
2449 1111 2584 1155 habet

434 1195 578 1235 autem
609 1191 734 1243 ,unde
765 1194 812 1231 ut
838 1189 881 1230 in
900 1187 985 1230 VII
1013 1186 1188 1242 fingitur
1217 1190 1479 1238 ch01·dis‘S‚·
1507 1191 1633 1242 ,unde
1662 1191 1705 1232 in
1735 1190 1920 1246 septimo
1949 1188 2124 1243 fingitur
2152 1187 2338 1231 chordis·
2367 1189 2427 1238 R,-
2456 1189 2582 1242 ,unde

436 1273 605 1325 septem
646 1267 822 1322 fingitur
864 1266 1052 1308 chordis‘
1072 1267 1128 1314 C,·
1170 1267 1295 1318 ‚unde
1339 1268 1402 1309 ait
1449 1273 1617 1324 septem
1658 1267 1833 1322 fingitur
1881 1266 2068 1308 chordis‘
2097 1267 2195 1309 PB.
2255 1256 2436 1310 Videtur
2483 1267 2585 1309 scri'-

436 1347 623 1389 bendum
652 1357 749 1387 esse
781 1344 907 1396 ,unde
938 1358 1038 1386 usus
1058 1350 1223 1400 septem
1253 1344 1428 1400 fingitur
1456 1346 1657 1398 chordis,‘
1687 1350 1763 1387 aut
1778 1344 1925 1386 musici
1955 1345 2224 1388 instrumenti
2254 1342 2421 1397 nomen,
2450 1340 2582 1386 veluti

434 1421 576 1478 ‚xilvq‘
605 1421 674 1464 vel
705 1418 835 1476 ,λε’ριτι
865 1421 934 1463 vel
965 1422 1166 1472 ‚testudo‘
1197 1435 1220 1463 e
1250 1421 1407 1464 litteris
1436 1422 1521 1465 illis
1549 1423 1857 1477 refingendum.

638 1514 672 1541 v.
709 1500 803 1541 648.
863 1499 978 1552 ‚Hie
1014 1513 1171 1554 genus
1207 1501 1487 1554 antiquum;
1523 1502 1638 1553 quod
1684 1514 1770 1541 non
1816 1513 1964 1541 omnes
2007 1500 2122 1542 viros
2165 1500 2303 1542 fortes
2345 1500 2388 1541 in
2431 1499 2580 1554 Elysio

432 1578 547 1619 visos
576 1589 673 1619 esse
703 1583 1024 1630 commemorat,
1055 1577 1163 1619 haec
1191 1577 1305 1618 ratio
1335 1582 1415 1629 est,
1446 1578 1544 1630 quia
1572 1577 1642 1618 isti
1671 1577 1838 1618 divinos
1869 1581 2116 1618 meruerunt
2144 1578 2408 1628 (meruerant
2433 1578 2580 1632 onlyo)

430 1653 640 1695 honores:
671 1652 787 1705 quod
817 1653 968 1708 Tydeo
999 1654 1067 1695 vel
1096 1654 1162 1709 (et
1195 1655 1252 1704 R)
1283 1653 1348 1695 his
1377 1665 1486 1706 quos
1515 1667 1647 1709 supra
1682 1652 1932 1694 memoravit
1968 1653 2337 1705 (commemoravit
2369 1654 2464 1709 Pc)
2492 1668 2581 1697 non

432 1729 618 1784 contigit
646 1729 882 1786 (contingit
910 1733 979 1780 P).
1034 1731 1144 1774 Nam
1179 1732 1279 1773 ideo
1316 1734 1531 1786 antiquane
1568 1731 1765 1783 (antiquo
1804 1731 1860 1780 R)
1897 1730 2076 1780 addidit,
2111 1731 2233 1783 quasi
2262 1737 2308 1774 et
2333 1732 2418 1775 illis
2446 1732 2581 1788 Elysii

431 1806 583 1859 (elisus
612 1808 666 1854 Ρ,
695 1805 839 1861 elysiis
871 1808 927 1850 B.
984 1807 1110 1860 valyo
1139 1807 1316 1850 additur
1344 1810 1449 1860 non)
1478 1808 1785 1859 contingerent
1812 1806 2109 1861 (contigerent
2141 1807 2195 1859 C)
2229 1809 2368 1864 campi
2398 1809 2582 1865 (campis

433 1885 559 1938 ΡΒ),
596 1885 629 1928 si
667 1886 729 1927 eis
766 1899 973 1928 annorum
1007 1864 1096 1928 non
1134 1887 1233 1937 (om.
1273 1889 1322 1936 S)
1358 1887 1570 1939 derogata
1609 1890 1727 1925 esset
1762 1885 2045 1939 (derogasset
2082 1885 2214 1932 RSP,
2250 1886 2487 1941 derogaret
2525 1888 2579 1939 C)

428 1966 638 2006 vetustas‘
674 1963 889 2017 (uetestas
926 1965 995 2016 Ρ).
1052 1963 1125 2006 Sic
1159 1969 1264 2020 puto
1300 1965 1408 2005 haec
1444 1963 1577 2002 verba
1621 1962 1849 2002 scribenda
1885 1975 1994 2003 esse.
2060 1963 2162 2015 ,Isti‘
2200 1969 2342 2004 autem
2385 1970 2484 2005 sunt
2526 1966 2578 2017 ei,

430 2046 540 2093 quos
567 2041 610 2082 in
639 2039 788 2095 Elysio
817 2041 1126 2082 Aeneasxvidit
1195 2041 1275 2093 llli,
1306 2041 1457 2093 quibus
1487 2039 1669 2079 futurum
1698 2038 1829 2079 fuisse
1861 2039 1964 2080 dicit
1993 2038 2165 2082 Servius
2202 2045 2249 2082 ut
2276 2039 2407 2095 Elysii
2439 2042 2577 2097 campi

428 2118 751 2174 contingerent,
782 2123 882 2159 sunt
910 2118 1082 2173 Tydeus
1122 2125 1168 2160 et
1203 2119 1336 2161 ceteri
1367 2117 1460 2170 viri,
1498 2128 1604 2168 quos
1634 2115 1852 2170 Vergilius
1897 2130 1934 2158 v,
1969 2116 2052 2159 479
2086 2130 2180 2171 sqq.
2215 2119 2578 2161 commemoravit.

434 2195 667 2250 ,derogata
687 2199 818 2236 esset·
847 2195 1001 2249 scripsi
1019 2209 1100 2250 pro
1139 2196 1441 2248 ,derogasset‚‘
1477 2194 1591 2245 quod
1617 2206 1704 2234 non
1733 2198 1884 2247 potest
1909 2193 2022 2234 idem
2044 2207 2154 2247 esse,
2185 2196 2301 2246 quod
2331 2195 2579 2247 ‚de-suisset!

435 2256 637 2314 Ceterum
684 2271 837 2323 quibus
887 2271 1148 2326 explicatur,
1197 2286 1272 2314 cur
1321 2273 1536 2326 antiquum
1583 2269 1800 2324 Vergilius
1844 2269 2081 2324 addiderit,
2138 2284 2190 2313 ea
2235 2285 2328 2313 eum
2371 2272 2421 2313 iis
2464 2284 2574 2324 quae

436 2349 704 2390 antecedunt
746 2349 859 2390 adeo
903 2361 993 2390 non
1042 2348 1320 2401 conveniunt,
1366 2353 1413 2389 ut
1457 2361 1544 2390 non
1587 2347 1813 2389 videantur
1842 2346 1977 2389 Servii
2007 2359 2118 2390 esse.

629 2439 667 2466 v.
702 2424 795 2466 724.
858 2424 1032 2466 Servius
1075 2425 1146 2466 ubi
1194 2425 1376 2466 animum
1420 2438 1446 2465 a
1488 2425 1572 2466 deo
1610 2423 1816 2475 originem
1860 2424 2018 2464 ducere
2060 2423 2262 2477 exposuit
2302 2423 2412 2465 haec
2447 2423 2574 2465 dicit:

433 2500 544 2552 ,Huc
571 2500 703 2555 igitur
739 2501 927 2543 tetendit
954 2502 1132 2556 primam
1166 2502 1448 2543 intentionem
1478 2514 1610 2553 suam,
1647 2506 1694 2541 ut
1727 2499 1894 2541 animos
1922 2498 2186 2540 immortales
2222 2499 2403 2541 doceret
2431 2502 2575 2556 (0⁸:190

433 2577 633 2632 diceret).
689 2577 777 2620 Sed
812 2579 1003 2621 occurrit
1042 2578 1165 2621 illud:
1209 2579 1244 2621 si
1286 2577 1551 2621 immortales
1586 2583 1686 2619 su'nt
1728 2583 1773 2618 et
1811 2588 1937 2617 unum
1980 2575 2144 2617 habent
2182 2575 2453 2633 principium,
2490 2590 2574 2632 qua

426 2653 598 2696 ratione
626 2667 713 2696 non
743 2655 885 2697 omnia
913 2654 1113 2697 animalia
1141 2655 1346 2697 sentimus
1377 2656 1521 2709 (υηζᾳο
1550 2655 1759 2706 sentiunt)
1791 2651 2014 2695 similiter?
2065 2652 2124 2694 Et
2151 2652 2265 2705 dicit,
2293 2666 2382 2695 non
2410 2667 2507 2697 esse
2530 2655 2575 2696 in

426 2730 578 2773 animis
608 2730 1005 2782 dissimilitudinem.
1034 2733 1112 2775 sed
1141 2733 1185 2775 in
1214 2733 1484 2789 corporibus,
1520 2744 1630 2787 quae
1658 2735 1789 2788 prout
1817 2731 1884 2784 (ut
1918 2742 1999 2784 pro
2029 2730 2087 2782 P)
2119 2728 2278 2771 fuerint
2310 2729 2380 2772 vel
2406 2731 2573 2773 vivacia

428 2807 498 2849 vel
525 2808 758 2863 torpentia,
780 2810 850 2851 ita
879 2810 1011 2862 (tales
1033 2809 1177 2863 PBG)
1207 2817 1253 2852 et
1282 2811 1446 2853 animos
1465 2810 1649 2862 faciunt3
1680 2809 1796 2862 quod
1817 2810 1968 2862 potest
1995 2807 2121 2848 etiam
2150 2807 2193 2848 in
2221 2819 2306 2848 uno
2336 2809 2574 2861 eodemque

427 2885 601 2940 (eodem
632 2885 736 2940 PB)
767 2886 962 2929 animalis
992 2901 1178 2944 corpore
1206 2887 1412 2944 probari.‘
1471 2888 1592 2940 Quae
1623 2888 1860 2939 sequuntur
1888 2883 1988 2936 quid
2017 2884 2098 2927 sibi
2128 2883 2274 2937 velint,
2308 2897 2395 2926 non
2425 2887 2574 2940 potest

424 2962 635 3020 intellegi.
697 2964 922 3007 Librorum
966 2971 1107 3007 autem
1153 2966 1402 3008 testimonia
1441 2965 1552 3007 haec
1587 2970 1704 3007 sunt:
1749 2962 1811 3015 ,In
1852 2973 1959 3003 sano
1998 2961 2107 3003 enim
2150 2974 2336 3018 corpore
2379 2961 2465 3004 alia
2507 2966 2576 3004 est

423 3041 635 3085 vivacitas
670 3042 837 3096 mentis,
871 3043 915 3084 in
949 3056 1085 3098 aegro
1121 3043 1299 3099 pigrior,
1333 3043 1374 3084 in
1412 3043 1519 3085 satis
1561 3041 1750 3084 invalido
1795 3042 1873 3092 (sie
1909 3039 1996 3086 RS,
2039 3039 2218 3094 pigriori
2253 3040 2296 3081 in
2329 3039 2492 3082 insanis
2527 3040 2571 3081 in

420 3116 616 3162 valitudo
660 3119 709 3168 C,
752 3119 919 3175 pigrior
950 3118 1113 3163 insanis
1147 3119 1386 3162 invalitudo
1424 3119 1526 3172 PB)
1565 3119 1696 3162 etiam
1730 3117 1901 3160 ratione
1940 3130 2106 3171 carens,
2148 3121 2196 3159 ut
2230 3117 2274 3159 in
2308 3115 2572 3172 phreneticis

419 3195 652 3240 cernimus:
697 3199 811 3241 adeo
841 3210 934 3240 cum
970 3198 1026 3240 ad
1065 3211 1223 3254 corpus
1258 3198 1437 3251 venerit,
1472 3211 1560 3240 non
1589 3200 1745 3237 natura
1774 3209 1850 3237 sua
1879 3194 2023 3248 utitur,
2052 3195 2130 3236 sed
2159 3207 2212 3235 ex
2240 3194 2332 3236 eius
2362 3192 2572 3247 qualitate
